{
  "symbol": "LYV",
  "statement": "ic",
  "frequency": "quarterly",
  "timestamp": "2025-09-19T14:03:15.107956",
  "data": {
    "financials": [
      {
        "costOfGoodsSold": 5210.756,
        "depreciationAmortization": 159.025,
        "dilutedAverageSharesOutstanding": 234.4174,
        "dilutedEPS": 0.4079,
        "ebit": 485.797,
        "grossIncome": 1795.885,
        "interestExpense": 72.048,
        "interestIncomeExpense": -29.887,
        "minorityInterest": -59.33,
        "netIncome": 95.61,
        "netIncomeAfterTaxes": 302.741,
        "nonRecurringItems": 0.856,
        "period": "2025-06-30",
        "pretaxIncome": 420.386,
        "provisionforIncomeTaxes": 117.645,
        "revenue": 7006.641,
        "sgaExpense": 1151.063,
        "totalOperatingExpense": 1310.088,
        "totalOtherIncomeExpenseNet": -36.38
      },
      {
        "costOfGoodsSold": 2254.937,
        "depreciationAmortization": 149.455,
        "dilutedAverageSharesOutstanding": 231.2208,
        "dilutedEPS": -0.3239,
        "ebit": 112.567,
        "grossIncome": 1127.18,
        "interestExpense": 80.343,
        "interestIncomeExpense": -45.803,
        "minorityInterest": -23.099,
        "netIncome": -74.891,
        "netIncomeAfterTaxes": 46.302,
        "nonRecurringItems": 2.202,
        "period": "2025-03-31",
        "pretaxIncome": 66.013,
        "provisionforIncomeTaxes": 19.711,
        "revenue": 3382.117,
        "sgaExpense": 865.158,
        "totalOperatingExpense": 1014.613,
        "totalOtherIncomeExpenseNet": -2.953
      },
      {
        "costOfGoodsSold": 4488.417,
        "depreciationAmortization": 142.599,
        "dilutedAverageSharesOutstanding": 237.6235,
        "dilutedEPS": 0.5559,
        "ebit": -70.161,
        "grossIncome": 1193.176,
        "interestExpense": 77.352,
        "interestIncomeExpense": -52.995,
        "minorityInterest": -80.931,
        "netIncome": 129.881,
        "netIncomeAfterTaxes": 281.918,
        "nonRecurringItems": -171.846,
        "period": "2024-12-31",
        "pretaxIncome": -301.192,
        "provisionforIncomeTaxes": -583.11,
        "revenue": 5681.593,
        "sgaExpense": 1120.738,
        "totalOperatingExpense": 1263.337,
        "totalOtherIncomeExpenseNet": -6.19
      },
      {
        "costOfGoodsSold": 5780.188,
        "depreciationAmortization": 137.001,
        "dilutedAverageSharesOutstanding": 245.32,
        "dilutedEPS": 1.61,
        "ebit": 635.557,
        "grossIncome": 1870.899,
        "interestExpense": 87.961,
        "interestIncomeExpense": -65.881,
        "minorityInterest": -63.878,
        "netIncome": 397.269,
        "netIncomeAfterTaxes": 515.683,
        "nonRecurringItems": 3.968,
        "period": "2024-09-30",
        "pretaxIncome": 585.912,
        "provisionforIncomeTaxes": 70.229,
        "revenue": 7651.087,
        "sgaExpense": 1098.341,
        "totalOperatingExpense": 1235.342,
        "totalOtherIncomeExpenseNet": 12.268
      },
      {
        "costOfGoodsSold": 4408.209,
        "depreciationAmortization": 137.729,
        "dilutedAverageSharesOutstanding": 245.003,
        "dilutedEPS": 0.98,
        "ebit": 559.04,
        "grossIncome": 1615.207,
        "interestExpense": 79.97,
        "interestIncomeExpense": -30.169,
        "minorityInterest": -78.258,
        "netIncome": 240.645,
        "netIncomeAfterTaxes": 376.228,
        "nonRecurringItems": -93.221,
        "period": "2024-06-30",
        "pretaxIncome": 456.392,
        "provisionforIncomeTaxes": 80.164,
        "revenue": 6023.416,
        "sgaExpense": 918.438,
        "totalOperatingExpense": 1056.167,
        "totalOtherIncomeExpenseNet": 20.742
      },
      {
        "costOfGoodsSold": 2646.457,
        "depreciationAmortization": 132.594,
        "dilutedAverageSharesOutstanding": 229.471,
        "dilutedEPS": -0.53,
        "ebit": 148.842,
        "grossIncome": 1153.072,
        "interestExpense": 80.691,
        "interestIncomeExpense": -37.35,
        "minorityInterest": -14.516,
        "netIncome": -121.842,
        "netIncomeAfterTaxes": -32.217,
        "nonRecurringItems": -185.349,
        "period": "2024-03-31",
        "pretaxIncome": 3.197,
        "provisionforIncomeTaxes": 35.414,
        "revenue": 3799.529,
        "sgaExpense": 871.636,
        "totalOperatingExpense": 1004.23,
        "totalOtherIncomeExpenseNet": 77.054
      },
      {
        "costOfGoodsSold": 4681.184,
        "depreciationAmortization": 134.445,
        "dilutedAverageSharesOutstanding": 229.02,
        "dilutedEPS": -1.25,
        "ebit": -87.011,
        "grossIncome": 1157.757,
        "interestExpense": 92.819,
        "interestIncomeExpense": -50.375,
        "minorityInterest": -28.835,
        "netIncome": -285.73,
        "netIncomeAfterTaxes": -181.893,
        "nonRecurringItems": 5.056,
        "period": "2023-12-31",
        "pretaxIncome": -143.028,
        "provisionforIncomeTaxes": 38.865,
        "revenue": 5838.941,
        "sgaExpense": 1110.323,
        "totalOperatingExpense": 1244.768,
        "totalOtherIncomeExpenseNet": -10.698
      },
      {
        "costOfGoodsSold": 6297.883,
        "depreciationAmortization": 130.653,
        "dilutedAverageSharesOutstanding": 244.164,
        "dilutedEPS": 1.88,
        "ebit": 652.075,
        "grossIncome": 1856.68,
        "interestExpense": 86.215,
        "interestIncomeExpense": -2.726,
        "minorityInterest": -59.932,
        "netIncome": 460.598,
        "netIncomeAfterTaxes": 581.412,
        "nonRecurringItems": 1.583,
        "period": "2023-09-30",
        "pretaxIncome": 631.681,
        "provisionforIncomeTaxes": 50.269,
        "revenue": 8154.563,
        "sgaExpense": 1073.952,
        "totalOperatingExpense": 1204.605,
        "totalOtherIncomeExpenseNet": -19.251
      },
      {
        "costOfGoodsSold": 4164.778,
        "depreciationAmortization": 136.514,
        "dilutedAverageSharesOutstanding": 243.66,
        "dilutedEPS": 0.97,
        "ebit": 379.358,
        "grossIncome": 1465.945,
        "interestExpense": 81.995,
        "interestIncomeExpense": -19.985,
        "minorityInterest": -37.655,
        "netIncome": 237.061,
        "netIncomeAfterTaxes": 331.337,
        "nonRecurringItems": 7.013,
        "period": "2023-06-30",
        "pretaxIncome": 372.985,
        "provisionforIncomeTaxes": 41.648,
        "revenue": 5630.723,
        "sgaExpense": 950.073,
        "totalOperatingExpense": 1086.587,
        "totalOtherIncomeExpenseNet": 6.599
      },
      {
        "costOfGoodsSold": 2115.589,
        "depreciationAmortization": 115.185,
        "dilutedAverageSharesOutstanding": 228.163,
        "dilutedEPS": -0.25,
        "ebit": 143.28,
        "grossIncome": 1011.801,
        "interestExpense": 89.215,
        "interestIncomeExpense": -44.795,
        "minorityInterest": -47.361,
        "netIncome": -58.102,
        "netIncomeAfterTaxes": 44.192,
        "nonRecurringItems": -18.87,
        "period": "2023-03-31",
        "pretaxIncome": 68.032,
        "provisionforIncomeTaxes": 23.84,
        "revenue": 3127.39,
        "sgaExpense": 753.336,
        "totalOperatingExpense": 868.521,
        "totalOtherIncomeExpenseNet": -11.583
      },
      {
        "costOfGoodsSold": 3291.631,
        "depreciationAmortization": 131.487,
        "dilutedAverageSharesOutstanding": 226.869,
        "dilutedEPS": -1.16,
        "ebit": -119.317,
        "grossIncome": 999.106,
        "interestExpense": 72.761,
        "interestIncomeExpense": -23.095,
        "minorityInterest": -35.403,
        "netIncome": -264.205,
        "netIncomeAfterTaxes": -167.631,
        "nonRecurringItems": -0.573,
        "period": "2022-12-31",
        "pretaxIncome": -156.966,
        "provisionforIncomeTaxes": 10.665,
        "revenue": 4290.737,
        "sgaExpense": 986.936,
        "totalOperatingExpense": 1118.423,
        "totalOtherIncomeExpenseNet": -13.981
      },
      {
        "costOfGoodsSold": 4707.848,
        "depreciationAmortization": 102.093,
        "dilutedAverageSharesOutstanding": 243.687,
        "dilutedEPS": 1.39,
        "ebit": 471.064,
        "grossIncome": 1445.687,
        "interestExpense": 70.514,
        "interestIncomeExpense": -58.988,
        "minorityInterest": -36.001,
        "netIncome": 337.852,
        "netIncomeAfterTaxes": 397.403,
        "nonRecurringItems": 35.185,
        "period": "2022-09-30",
        "pretaxIncome": 439.301,
        "provisionforIncomeTaxes": 41.898,
        "revenue": 6153.535,
        "sgaExpense": 872.53,
        "totalOperatingExpense": 974.623,
        "totalOtherIncomeExpenseNet": -7.96
      },
      {
        "costOfGoodsSold": 3267.023,
        "depreciationAmortization": 115.927,
        "dilutedAverageSharesOutstanding": 264.07,
        "dilutedEPS": 0.61,
        "ebit": 320.364,
        "grossIncome": 1167.151,
        "interestExpense": 68.435,
        "interestIncomeExpense": -53.288,
        "minorityInterest": -40.577,
        "netIncome": 161.465,
        "netIncomeAfterTaxes": 228.377,
        "nonRecurringItems": -1.085,
        "period": "2022-06-30",
        "pretaxIncome": 260.372,
        "provisionforIncomeTaxes": 31.995,
        "revenue": 4434.174,
        "sgaExpense": 730.86,
        "totalOperatingExpense": 846.787,
        "totalOtherIncomeExpenseNet": -5.619
      },
      {
        "costOfGoodsSold": 1071.022,
        "depreciationAmortization": 100.469,
        "dilutedAverageSharesOutstanding": 221.891,
        "dilutedEPS": -0.39,
        "ebit": 28.925,
        "grossIncome": 731.786,
        "interestExpense": 66.773,
        "interestIncomeExpense": -54.921,
        "minorityInterest": -1.226,
        "netIncome": -85.896,
        "netIncomeAfterTaxes": -48.956,
        "nonRecurringItems": -1.997,
        "period": "2022-03-31",
        "pretaxIncome": -37.26,
        "provisionforIncomeTaxes": 11.696,
        "revenue": 1802.808,
        "sgaExpense": 602.392,
        "totalOperatingExpense": 702.861,
        "totalOtherIncomeExpenseNet": -9.267
      },
      {
        "costOfGoodsSold": 2008.991,
        "depreciationAmortization": 102.519,
        "dilutedAverageSharesOutstanding": 221.615,
        "dilutedEPS": -0.95,
        "ebit": -124.719,
        "grossIncome": 694.179,
        "interestExpense": 72.294,
        "interestIncomeExpense": -71.71,
        "minorityInterest": -32.453,
        "netIncome": -210.485,
        "netIncomeAfterTaxes": -162.471,
        "nonRecurringItems": 0.171,
        "period": "2021-12-31",
        "pretaxIncome": -180.047,
        "provisionforIncomeTaxes": -17.576,
        "revenue": 2703.17,
        "sgaExpense": 716.379,
        "totalOperatingExpense": 818.898,
        "totalOtherIncomeExpenseNet": 16.211
      },
      {
        "costOfGoodsSold": 1969.912,
        "depreciationAmortization": 101.235,
        "dilutedAverageSharesOutstanding": 223.8,
        "dilutedEPS": 0.19,
        "ebit": 135.997,
        "grossIncome": 728.81,
        "interestExpense": 70.407,
        "interestIncomeExpense": -62.049,
        "minorityInterest": -39.989,
        "netIncome": 42.633,
        "netIncomeAfterTaxes": 86.867,
        "nonRecurringItems": 31.781,
        "period": "2021-09-30",
        "pretaxIncome": 93.288,
        "provisionforIncomeTaxes": 6.421,
        "revenue": 2698.722,
        "sgaExpense": 491.578,
        "totalOperatingExpense": 592.813,
        "totalOtherIncomeExpenseNet": -12.441
      },
      {
        "costOfGoodsSold": 243.12,
        "depreciationAmortization": 103.647,
        "dilutedAverageSharesOutstanding": 215.703,
        "dilutedEPS": -0.9,
        "ebit": -127.313,
        "grossIncome": 332.826,
        "interestExpense": 68.909,
        "interestIncomeExpense": -70.436,
        "minorityInterest": 14.795,
        "netIncome": -194.714,
        "netIncomeAfterTaxes": -210.46,
        "nonRecurringItems": -0.965,
        "period": "2021-06-30",
        "pretaxIncome": -208.175,
        "provisionforIncomeTaxes": 2.285,
        "revenue": 575.946,
        "sgaExpense": 356.492,
        "totalOperatingExpense": 460.139,
        "totalOtherIncomeExpenseNet": -9.461
      },
      {
        "costOfGoodsSold": 133.966,
        "depreciationAmortization": 108.876,
        "dilutedAverageSharesOutstanding": 214.532,
        "dilutedEPS": -1.44,
        "ebit": -303.034,
        "grossIncome": 156.643,
        "interestExpense": 70.83,
        "interestIncomeExpense": -69.1,
        "minorityInterest": 15.529,
        "netIncome": -308.109,
        "netIncomeAfterTaxes": -322.722,
        "nonRecurringItems": 55.795,
        "period": "2021-03-31",
        "pretaxIncome": -316.333,
        "provisionforIncomeTaxes": 6.389,
        "revenue": 290.609,
        "sgaExpense": 350.801,
        "totalOperatingExpense": 459.677,
        "totalOtherIncomeExpenseNet": 0.006
      },
      {
        "costOfGoodsSold": 203.274,
        "depreciationAmortization": 111.94,
        "dilutedAverageSharesOutstanding": 213.739,
        "dilutedEPS": -2.04,
        "ebit": -380.108,
        "grossIncome": 34.109,
        "interestExpense": 64.051,
        "interestIncomeExpense": -60.828,
        "minorityInterest": 20.494,
        "netIncome": -436.197,
        "netIncomeAfterTaxes": -463.826,
        "nonRecurringItems": -7.906,
        "period": "2020-12-31",
        "pretaxIncome": -443.284,
        "provisionforIncomeTaxes": 20.542,
        "revenue": 237.383,
        "sgaExpense": 302.277,
        "totalOperatingExpense": 414.217,
        "totalOtherIncomeExpenseNet": 5.558
      },
      {
        "costOfGoodsSold": 130.749,
        "depreciationAmortization": 116.738,
        "dilutedAverageSharesOutstanding": 212.594,
        "dilutedEPS": -2.45,
        "ebit": -501.033,
        "grossIncome": 53.269,
        "interestExpense": 66.093,
        "interestIncomeExpense": -65.898,
        "minorityInterest": 13.556,
        "netIncome": -521.912,
        "netIncomeAfterTaxes": -542.458,
        "nonRecurringItems": -3.408,
        "period": "2020-09-30",
        "pretaxIncome": -559.362,
        "provisionforIncomeTaxes": -16.904,
        "revenue": 184.018,
        "sgaExpense": 437.564,
        "totalOperatingExpense": 554.302,
        "totalOtherIncomeExpenseNet": 10.977
      },
      {
        "costOfGoodsSold": 194.557,
        "depreciationAmortization": 120.767,
        "dilutedAverageSharesOutstanding": 211.694,
        "dilutedEPS": -2.67,
        "ebit": -585.508,
        "grossIncome": -120.473,
        "interestExpense": 52.689,
        "interestIncomeExpense": -56.873,
        "minorityInterest": 43.067,
        "netIncome": -565.922,
        "netIncomeAfterTaxes": -610.584,
        "nonRecurringItems": -2.559,
        "period": "2020-06-30",
        "pretaxIncome": -639.767,
        "provisionforIncomeTaxes": -29.183,
        "revenue": 74.084,
        "sgaExpense": 344.268,
        "totalOperatingExpense": 465.035,
        "totalOtherIncomeExpenseNet": 5.173
      },
      {
        "costOfGoodsSold": 873.82,
        "depreciationAmortization": 111.98,
        "dilutedAverageSharesOutstanding": 211.048,
        "dilutedEPS": -0.94,
        "ebit": -162.44,
        "grossIncome": 491.873,
        "interestExpense": 43.999,
        "interestIncomeExpense": -36.954,
        "minorityInterest": 26.138,
        "netIncome": -199.324,
        "netIncomeAfterTaxes": -210.922,
        "nonRecurringItems": -10.23,
        "period": "2020-03-31",
        "pretaxIncome": -214.252,
        "provisionforIncomeTaxes": -3.33,
        "revenue": 1365.693,
        "sgaExpense": 542.333,
        "totalOperatingExpense": 654.313,
        "totalOtherIncomeExpenseNet": -4.628
      },
      {
        "costOfGoodsSold": 2187.735,
        "depreciationAmortization": 107.547,
        "dilutedAverageSharesOutstanding": 210.784,
        "dilutedEPS": -0.88,
        "ebit": -77.34,
        "grossIncome": 701.713,
        "interestExpense": 47.627,
        "interestIncomeExpense": -46.284,
        "minorityInterest": -23.308,
        "netIncome": -185.311,
        "netIncomeAfterTaxes": -136.639,
        "nonRecurringItems": -5.58,
        "period": "2019-12-31",
        "pretaxIncome": -129.735,
        "provisionforIncomeTaxes": 6.904,
        "revenue": 2889.448,
        "sgaExpense": 671.506,
        "totalOperatingExpense": 779.053,
        "totalOtherIncomeExpenseNet": -0.531
      },
      {
        "costOfGoodsSold": 2800.429,
        "depreciationAmortization": 106.906,
        "dilutedAverageSharesOutstanding": 218.957,
        "dilutedEPS": 0.71,
        "ebit": 279.136,
        "grossIncome": 973.255,
        "interestExpense": 36.587,
        "interestIncomeExpense": -33.405,
        "minorityInterest": -15.047,
        "netIncome": 155.345,
        "netIncomeAfterTaxes": 193.972,
        "nonRecurringItems": -19.095,
        "period": "2019-09-30",
        "pretaxIncome": 221.252,
        "provisionforIncomeTaxes": 27.28,
        "revenue": 3773.684,
        "sgaExpense": 587.213,
        "totalOperatingExpense": 694.119,
        "totalOtherIncomeExpenseNet": -5.384
      },
      {
        "costOfGoodsSold": 2327.414,
        "depreciationAmortization": 103.826,
        "dilutedAverageSharesOutstanding": 219.978,
        "dilutedEPS": 0.41,
        "ebit": 171.485,
        "grossIncome": 829.595,
        "interestExpense": 36.792,
        "interestIncomeExpense": -27.146,
        "minorityInterest": -12.765,
        "netIncome": 89.84,
        "netIncomeAfterTaxes": 116.12,
        "nonRecurringItems": 0.101,
        "period": "2019-06-30",
        "pretaxIncome": 144.87,
        "provisionforIncomeTaxes": 28.75,
        "revenue": 3157.009,
        "sgaExpense": 554.284,
        "totalOperatingExpense": 658.11,
        "totalOtherIncomeExpenseNet": 0.43
      },
      {
        "costOfGoodsSold": 1151.604,
        "depreciationAmortization": 98.912,
        "dilutedAverageSharesOutstanding": 208.908,
        "dilutedEPS": -0.31,
        "ebit": -24.01,
        "grossIncome": 576.224,
        "interestExpense": 36.515,
        "interestIncomeExpense": -30.823,
        "minorityInterest": 2.797,
        "netIncome": -64.756,
        "netIncomeAfterTaxes": -55.241,
        "nonRecurringItems": 0.147,
        "period": "2019-03-31",
        "pretaxIncome": -51.283,
        "provisionforIncomeTaxes": 3.958,
        "revenue": 1727.828,
        "sgaExpense": 501.322,
        "totalOperatingExpense": 600.234,
        "totalOtherIncomeExpenseNet": 3.403
      },
      {
        "costOfGoodsSold": 1976.385,
        "depreciationAmortization": 109.267,
        "dilutedAverageSharesOutstanding": 208.082,
        "dilutedEPS": -0.82,
        "ebit": -90.473,
        "grossIncome": 625.47,
        "interestExpense": 36.779,
        "interestIncomeExpense": -34.625,
        "minorityInterest": -12.702,
        "netIncome": -171.44,
        "netIncomeAfterTaxes": -135.185,
        "nonRecurringItems": 0.094,
        "period": "2018-12-31",
        "pretaxIncome": -130.134,
        "provisionforIncomeTaxes": 5.051,
        "revenue": 2601.855,
        "sgaExpense": 606.676,
        "totalOperatingExpense": 715.943,
        "totalOtherIncomeExpenseNet": -5.13
      },
      {
        "costOfGoodsSold": 2924.356,
        "depreciationAmortization": 99.606,
        "dilutedAverageSharesOutstanding": 216.789,
        "dilutedEPS": 0.7,
        "ebit": 244.537,
        "grossIncome": 910.89,
        "interestExpense": 35.993,
        "interestIncomeExpense": -33.729,
        "minorityInterest": -10.514,
        "netIncome": 151.894,
        "netIncomeAfterTaxes": 183.197,
        "nonRecurringItems": -10.318,
        "period": "2018-09-30",
        "pretaxIncome": 200.228,
        "provisionforIncomeTaxes": 17.031,
        "revenue": 3835.246,
        "sgaExpense": 566.747,
        "totalOperatingExpense": 666.353,
        "totalOtherIncomeExpenseNet": -0.262
      },
      {
        "costOfGoodsSold": 2135.107,
        "depreciationAmortization": 89.785,
        "dilutedAverageSharesOutstanding": 215.105,
        "dilutedEPS": 0.24,
        "ebit": 134.833,
        "grossIncome": 733.208,
        "interestExpense": 35.992,
        "interestIncomeExpense": -33.6,
        "minorityInterest": -13.997,
        "netIncome": 52.187,
        "netIncomeAfterTaxes": 83.356,
        "nonRecurringItems": 0.365,
        "period": "2018-06-30",
        "pretaxIncome": 95.155,
        "provisionforIncomeTaxes": 11.799,
        "revenue": 2868.315,
        "sgaExpense": 508.59,
        "totalOperatingExpense": 598.375,
        "totalOtherIncomeExpenseNet": -6.443
      },
      {
        "costOfGoodsSold": 932.084,
        "depreciationAmortization": 87.871,
        "dilutedAverageSharesOutstanding": 206.728,
        "dilutedEPS": -0.24,
        "ebit": -5.992,
        "grossIncome": 550.3,
        "interestExpense": 29.741,
        "interestIncomeExpense": -24.843,
        "minorityInterest": 7.122,
        "netIncome": -50.291,
        "netIncomeAfterTaxes": -41.028,
        "nonRecurringItems": -2.981,
        "period": "2018-03-31",
        "pretaxIncome": -34.144,
        "provisionforIncomeTaxes": 6.884,
        "revenue": 1482.384,
        "sgaExpense": 468.421,
        "totalOperatingExpense": 556.292,
        "totalOtherIncomeExpenseNet": -0.328
      },
      {
        "costOfGoodsSold": 1750.226,
        "depreciationAmortization": 121.276,
        "dilutedAverageSharesOutstanding": 205.971,
        "dilutedEPS": -1.11,
        "ebit": -202.479,
        "grossIncome": 570.224,
        "interestExpense": 27.207,
        "interestIncomeExpense": -25.836,
        "minorityInterest": -17.112,
        "netIncome": -229.713,
        "netIncomeAfterTaxes": -229.466,
        "nonRecurringItems": 0.463,
        "period": "2017-12-31",
        "pretaxIncome": -233.125,
        "provisionforIncomeTaxes": -3.659,
        "revenue": 2320.45,
        "sgaExpense": 651.427,
        "totalOperatingExpense": 772.703,
        "totalOtherIncomeExpenseNet": -5.273
      },
      {
        "costOfGoodsSold": 2633.94,
        "depreciationAmortization": 89.228,
        "dilutedAverageSharesOutstanding": 223.132,
        "dilutedEPS": 0.52,
        "ebit": 201.384,
        "grossIncome": 806.368,
        "interestExpense": 26.627,
        "interestIncomeExpense": -25.972,
        "minorityInterest": -12.377,
        "netIncome": 114.996,
        "netIncomeAfterTaxes": 148.77,
        "nonRecurringItems": -0.037,
        "period": "2017-09-30",
        "pretaxIncome": 174.455,
        "provisionforIncomeTaxes": 25.685,
        "revenue": 3440.308,
        "sgaExpense": 515.756,
        "totalOperatingExpense": 604.984,
        "totalOtherIncomeExpenseNet": -0.92
      },
      {
        "costOfGoodsSold": 2022.471,
        "depreciationAmortization": 81.165,
        "dilutedAverageSharesOutstanding": 213.879,
        "dilutedEPS": 0.29,
        "ebit": 113.548,
        "grossIncome": 661.114,
        "interestExpense": 26.878,
        "interestIncomeExpense": -25.311,
        "minorityInterest": 0.923,
        "netIncome": 62.641,
        "netIncomeAfterTaxes": 80.555,
        "nonRecurringItems": -1.164,
        "period": "2017-06-30",
        "pretaxIncome": 90.539,
        "provisionforIncomeTaxes": 9.984,
        "revenue": 2683.585,
        "sgaExpense": 466.401,
        "totalOperatingExpense": 547.566,
        "totalOtherIncomeExpenseNet": 3.466
      },
      {
        "costOfGoodsSold": 775.261,
        "depreciationAmortization": 80.532,
        "dilutedAverageSharesOutstanding": 203.731,
        "dilutedEPS": -0.22,
        "ebit": -22.025,
        "grossIncome": 467.618,
        "interestExpense": 26.01,
        "interestIncomeExpense": -22.725,
        "minorityInterest": 14.777,
        "netIncome": -45.57,
        "netIncomeAfterTaxes": -47.77,
        "nonRecurringItems": 0.659,
        "period": "2017-03-31",
        "pretaxIncome": -41.249,
        "provisionforIncomeTaxes": 6.521,
        "revenue": 1242.879,
        "sgaExpense": 409.111,
        "totalOperatingExpense": 489.643,
        "totalOtherIncomeExpenseNet": 2.842
      },
      {
        "costOfGoodsSold": 1264.814,
        "depreciationAmortization": 108.41,
        "dilutedAverageSharesOutstanding": 202.592,
        "dilutedEPS": -0.58,
        "ebit": -37.09,
        "grossIncome": 532.73,
        "interestExpense": 30.541,
        "interestIncomeExpense": -30.417,
        "minorityInterest": -8.389,
        "netIncome": -118.108,
        "netIncomeAfterTaxes": -92.971,
        "nonRecurringItems": -14.174,
        "period": "2016-12-31",
        "pretaxIncome": -91.099,
        "provisionforIncomeTaxes": 1.872,
        "revenue": 1797.544,
        "sgaExpense": 461.41,
        "totalOperatingExpense": 569.82,
        "totalOtherIncomeExpenseNet": -9.418
      },
      {
        "costOfGoodsSold": 2428.003,
        "depreciationAmortization": 104.862,
        "dilutedAverageSharesOutstanding": 217.69,
        "dilutedEPS": 0.49,
        "ebit": 191.539,
        "grossIncome": 742.413,
        "interestExpense": 25.249,
        "interestIncomeExpense": -42.095,
        "minorityInterest": -21.682,
        "netIncome": 102.503,
        "netIncomeAfterTaxes": 132.761,
        "nonRecurringItems": -0.253,
        "period": "2016-09-30",
        "pretaxIncome": 146.585,
        "provisionforIncomeTaxes": 13.824,
        "revenue": 3170.416,
        "sgaExpense": 446.012,
        "totalOperatingExpense": 550.874,
        "totalOtherIncomeExpenseNet": -2.606
      },
      {
        "costOfGoodsSold": 1605.688,
        "depreciationAmortization": 95.424,
        "dilutedAverageSharesOutstanding": 208.602,
        "dilutedEPS": 0.13,
        "ebit": 73.88,
        "grossIncome": 573.57,
        "interestExpense": 25.284,
        "interestIncomeExpense": -24.939,
        "minorityInterest": 1.28,
        "netIncome": 26.449,
        "netIncomeAfterTaxes": 36.461,
        "nonRecurringItems": 0.279,
        "period": "2016-06-30",
        "pretaxIncome": 41.867,
        "provisionforIncomeTaxes": 5.406,
        "revenue": 2179.258,
        "sgaExpense": 404.266,
        "totalOperatingExpense": 499.69,
        "totalOtherIncomeExpenseNet": -7.353
      },
      {
        "costOfGoodsSold": 784.203,
        "depreciationAmortization": 94.955,
        "dilutedAverageSharesOutstanding": 201.696,
        "dilutedEPS": -0.29,
        "ebit": -32.129,
        "grossIncome": 423.513,
        "interestExpense": 25.432,
        "interestIncomeExpense": -24.284,
        "minorityInterest": 11.436,
        "netIncome": -57.854,
        "netIncomeAfterTaxes": -55.954,
        "nonRecurringItems": -1.161,
        "period": "2016-03-31",
        "pretaxIncome": -49.027,
        "provisionforIncomeTaxes": 6.927,
        "revenue": 1207.716,
        "sgaExpense": 360.687,
        "totalOperatingExpense": 455.642,
        "totalOtherIncomeExpenseNet": 8.547
      },
      {
        "costOfGoodsSold": 1221.763,
        "depreciationAmortization": 125.075,
        "dilutedAverageSharesOutstanding": 201.565,
        "dilutedEPS": -0.47,
        "ebit": -31.766,
        "grossIncome": 514.962,
        "interestExpense": 26.024,
        "interestIncomeExpense": -23.986,
        "minorityInterest": -4.497,
        "netIncome": -94.402,
        "netIncomeAfterTaxes": -73.837,
        "nonRecurringItems": -8.682,
        "period": "2015-12-31",
        "pretaxIncome": -70.947,
        "provisionforIncomeTaxes": 2.89,
        "revenue": 1736.725,
        "sgaExpense": 421.653,
        "totalOperatingExpense": 546.728,
        "totalOtherIncomeExpenseNet": -6.513
      },
      {
        "costOfGoodsSold": 1974.322,
        "depreciationAmortization": 99.054,
        "dilutedAverageSharesOutstanding": 208.739,
        "dilutedEPS": 0.38,
        "ebit": 157.578,
        "grossIncome": 648.595,
        "interestExpense": 25.844,
        "interestIncomeExpense": -27.424,
        "minorityInterest": -15.333,
        "netIncome": 78.931,
        "netIncomeAfterTaxes": 104.382,
        "nonRecurringItems": -4.068,
        "period": "2015-09-30",
        "pretaxIncome": 117.959,
        "provisionforIncomeTaxes": 13.577,
        "revenue": 2622.917,
        "sgaExpense": 391.963,
        "totalOperatingExpense": 491.017,
        "totalOtherIncomeExpenseNet": -8.127
      }
    ],
    "symbol": "LYV"
  }
}