{
  "symbol": "AMD",
  "statement": "ic",
  "frequency": "quarterly",
  "timestamp": "2025-09-19T13:55:16.310261",
  "data": {
    "financials": [
      {
        "costOfGoodsSold": 4626,
        "depreciationAmortization": 308,
        "dilutedAverageSharesOutstanding": 1630,
        "dilutedEPS": 0.53,
        "ebit": -134,
        "equityEarningsAffiliates": 8,
        "grossIncome": 3059,
        "interestExpense": 38,
        "interestIncomeExpense": -38,
        "netIncome": 872,
        "netIncomeAfterTaxes": 760,
        "period": "2025-06-28",
        "pretaxIncome": -74,
        "provisionforIncomeTaxes": -834,
        "researchDevelopment": 1894,
        "revenue": 7685,
        "sgaExpense": 991,
        "totalOperatingExpense": 3193,
        "totalOtherIncomeExpenseNet": 98
      },
      {
        "costOfGoodsSold": 3702,
        "depreciationAmortization": 316,
        "dilutedAverageSharesOutstanding": 1626,
        "dilutedEPS": 0.44,
        "ebit": 806,
        "equityEarningsAffiliates": 7,
        "grossIncome": 3736,
        "interestExpense": 20,
        "interestIncomeExpense": -20,
        "netIncome": 709,
        "netIncomeAfterTaxes": 702,
        "period": "2025-03-29",
        "pretaxIncome": 825,
        "provisionforIncomeTaxes": 123,
        "researchDevelopment": 1728,
        "revenue": 7438,
        "sgaExpense": 886,
        "totalOperatingExpense": 2930,
        "totalOtherIncomeExpenseNet": 39
      },
      {
        "costOfGoodsSold": 3776,
        "depreciationAmortization": 332,
        "dilutedAverageSharesOutstanding": 1634,
        "dilutedEPS": 0.29,
        "ebit": 1046,
        "equityEarningsAffiliates": 12,
        "grossIncome": 3882,
        "interestExpense": 19,
        "interestIncomeExpense": -19,
        "netIncome": 482,
        "netIncomeAfterTaxes": 470,
        "nonRecurringItems": -175,
        "period": "2024-12-28",
        "pretaxIncome": 889,
        "provisionforIncomeTaxes": 419,
        "researchDevelopment": 1712,
        "revenue": 7658,
        "sgaExpense": 792,
        "totalOperatingExpense": 2836,
        "totalOtherIncomeExpenseNet": 37
      },
      {
        "costOfGoodsSold": 3400,
        "depreciationAmortization": 352,
        "dilutedAverageSharesOutstanding": 1636,
        "dilutedEPS": 0.47,
        "ebit": 710,
        "equityEarningsAffiliates": 7,
        "grossIncome": 3419,
        "interestExpense": 23,
        "interestIncomeExpense": -23,
        "netIncome": 771,
        "netIncomeAfterTaxes": 764,
        "nonRecurringItems": 14,
        "period": "2024-09-28",
        "pretaxIncome": 737,
        "provisionforIncomeTaxes": -27,
        "researchDevelopment": 1636,
        "revenue": 6819,
        "sgaExpense": 721,
        "totalOperatingExpense": 2709,
        "totalOtherIncomeExpenseNet": 36
      },
      {
        "costOfGoodsSold": 2971,
        "depreciationAmortization": 372,
        "dilutedAverageSharesOutstanding": 1637,
        "dilutedEPS": 0.16,
        "ebit": 259,
        "equityEarningsAffiliates": 7,
        "grossIncome": 2864,
        "interestExpense": 25,
        "interestIncomeExpense": -25,
        "netIncome": 265,
        "netIncomeAfterTaxes": 258,
        "nonRecurringItems": 10,
        "period": "2024-06-29",
        "pretaxIncome": 299,
        "provisionforIncomeTaxes": 41,
        "researchDevelopment": 1583,
        "revenue": 5835,
        "sgaExpense": 650,
        "totalOperatingExpense": 2605,
        "totalOtherIncomeExpenseNet": 55
      },
      {
        "costOfGoodsSold": 2913,
        "depreciationAmortization": 392,
        "dilutedAverageSharesOutstanding": 1639,
        "dilutedEPS": 0.08,
        "ebit": 23,
        "equityEarningsAffiliates": 7,
        "grossIncome": 2560,
        "interestExpense": 25,
        "interestIncomeExpense": -25,
        "netIncome": 123,
        "netIncomeAfterTaxes": 116,
        "nonRecurringItems": 13,
        "period": "2024-03-30",
        "pretaxIncome": 64,
        "provisionforIncomeTaxes": -52,
        "researchDevelopment": 1525,
        "revenue": 5473,
        "sgaExpense": 620,
        "totalOperatingExpense": 2537,
        "totalOtherIncomeExpenseNet": 53
      },
      {
        "costOfGoodsSold": 3257,
        "depreciationAmortization": 420,
        "dilutedAverageSharesOutstanding": 1625,
        "dilutedEPS": 0.41,
        "ebit": 336,
        "equityEarningsAffiliates": 6,
        "grossIncome": 2911,
        "interestExpense": 27,
        "interestIncomeExpense": -27,
        "netIncome": 667,
        "netIncomeAfterTaxes": 661,
        "nonRecurringItems": 6,
        "period": "2023-12-30",
        "pretaxIncome": 364,
        "provisionforIncomeTaxes": -297,
        "researchDevelopment": 1511,
        "revenue": 6168,
        "sgaExpense": 644,
        "totalOperatingExpense": 2575,
        "totalOtherIncomeExpenseNet": 49
      },
      {
        "costOfGoodsSold": 3053,
        "depreciationAmortization": 450,
        "dilutedAverageSharesOutstanding": 1629,
        "dilutedEPS": 0.18,
        "ebit": 214,
        "equityEarningsAffiliates": 3,
        "grossIncome": 2747,
        "interestExpense": 26,
        "interestIncomeExpense": -26,
        "netIncome": 299,
        "netIncomeAfterTaxes": 296,
        "nonRecurringItems": 10,
        "period": "2023-09-30",
        "pretaxIncome": 257,
        "provisionforIncomeTaxes": -39,
        "researchDevelopment": 1507,
        "revenue": 5800,
        "sgaExpense": 576,
        "totalOperatingExpense": 2533,
        "totalOtherIncomeExpenseNet": 59
      },
      {
        "costOfGoodsSold": 2916,
        "depreciationAmortization": 481,
        "dilutedAverageSharesOutstanding": 1627,
        "dilutedEPS": 0.02,
        "ebit": -28,
        "equityEarningsAffiliates": 6,
        "grossIncome": 2443,
        "interestExpense": 28,
        "interestIncomeExpense": -28,
        "netIncome": 27,
        "netIncomeAfterTaxes": 21,
        "nonRecurringItems": 8,
        "period": "2023-07-01",
        "pretaxIncome": -2,
        "provisionforIncomeTaxes": -23,
        "researchDevelopment": 1443,
        "revenue": 5359,
        "sgaExpense": 547,
        "totalOperatingExpense": 2471,
        "totalOtherIncomeExpenseNet": 46
      },
      {
        "costOfGoodsSold": 2994,
        "depreciationAmortization": 518,
        "dilutedAverageSharesOutstanding": 1611,
        "dilutedEPS": -0.09,
        "ebit": -155,
        "equityEarningsAffiliates": 1,
        "grossIncome": 2359,
        "interestExpense": 25,
        "interestIncomeExpense": -25,
        "netIncome": -139,
        "netIncomeAfterTaxes": -140,
        "nonRecurringItems": 10,
        "period": "2023-04-01",
        "pretaxIncome": -127,
        "provisionforIncomeTaxes": 13,
        "researchDevelopment": 1411,
        "revenue": 5353,
        "sgaExpense": 585,
        "totalOperatingExpense": 2514,
        "totalOtherIncomeExpenseNet": 43
      },
      {
        "costOfGoodsSold": 3196,
        "depreciationAmortization": 601,
        "dilutedAverageSharesOutstanding": 1619,
        "dilutedEPS": 0.01,
        "ebit": -154,
        "equityEarningsAffiliates": 3,
        "grossIncome": 2403,
        "interestExpense": 19,
        "interestIncomeExpense": -24,
        "netIncome": 21,
        "netIncomeAfterTaxes": 18,
        "nonRecurringItems": 12,
        "period": "2022-12-31",
        "pretaxIncome": -136,
        "provisionforIncomeTaxes": -154,
        "researchDevelopment": 1366,
        "revenue": 5599,
        "sgaExpense": 590,
        "totalOperatingExpense": 2557,
        "totalOtherIncomeExpenseNet": 30
      },
      {
        "costOfGoodsSold": 3211,
        "depreciationAmortization": 590,
        "dilutedAverageSharesOutstanding": 1625,
        "dilutedEPS": 0.04,
        "ebit": -72,
        "equityEarningsAffiliates": 4,
        "grossIncome": 2354,
        "interestExpense": 31,
        "interestIncomeExpense": -34,
        "netIncome": 66,
        "netIncomeAfterTaxes": 62,
        "nonRecurringItems": 8,
        "period": "2022-09-24",
        "pretaxIncome": -73,
        "provisionforIncomeTaxes": -135,
        "researchDevelopment": 1279,
        "revenue": 5565,
        "sgaExpense": 557,
        "totalOperatingExpense": 2426,
        "totalOtherIncomeExpenseNet": 25
      },
      {
        "costOfGoodsSold": 3522,
        "depreciationAmortization": 616,
        "dilutedAverageSharesOutstanding": 1632,
        "dilutedEPS": 0.27,
        "ebit": 520,
        "equityEarningsAffiliates": 4,
        "grossIncome": 3028,
        "interestExpense": 25,
        "interestIncomeExpense": -35,
        "netIncome": 447,
        "netIncomeAfterTaxes": 443,
        "nonRecurringItems": 5,
        "period": "2022-06-25",
        "pretaxIncome": 497,
        "provisionforIncomeTaxes": 54,
        "researchDevelopment": 1300,
        "revenue": 6550,
        "sgaExpense": 592,
        "totalOperatingExpense": 2508,
        "totalOtherIncomeExpenseNet": 7
      },
      {
        "costOfGoodsSold": 3069,
        "depreciationAmortization": 293,
        "dilutedAverageSharesOutstanding": 1410,
        "dilutedEPS": 0.56,
        "ebit": 868,
        "equityEarningsAffiliates": 3,
        "grossIncome": 2818,
        "interestExpense": 13,
        "interestIncomeExpense": -57,
        "netIncome": 786,
        "netIncomeAfterTaxes": 783,
        "nonRecurringItems": 77,
        "period": "2022-03-26",
        "pretaxIncome": 896,
        "provisionforIncomeTaxes": 113,
        "researchDevelopment": 1060,
        "revenue": 5887,
        "sgaExpense": 597,
        "totalOperatingExpense": 1950,
        "totalOtherIncomeExpenseNet": 8
      },
      {
        "costOfGoodsSold": 2400,
        "dilutedAverageSharesOutstanding": 1223,
        "dilutedEPS": 0.8,
        "ebit": 1203,
        "equityEarningsAffiliates": 0,
        "grossIncome": 2426,
        "interestExpense": 8,
        "interestIncomeExpense": 0,
        "netIncome": 974,
        "netIncomeAfterTaxes": 974,
        "nonRecurringItems": 28,
        "period": "2021-12-25",
        "pretaxIncome": 1203,
        "provisionforIncomeTaxes": 229,
        "researchDevelopment": 811,
        "revenue": 4826,
        "sgaExpense": 412,
        "totalOperatingExpense": 1223,
        "totalOtherIncomeExpenseNet": -28
      },
      {
        "costOfGoodsSold": 2227,
        "dilutedAverageSharesOutstanding": 1230,
        "dilutedEPS": 0.75,
        "ebit": 945,
        "equityEarningsAffiliates": 2,
        "grossIncome": 2086,
        "interestExpense": 7,
        "interestIncomeExpense": -7,
        "netIncome": 923,
        "netIncomeAfterTaxes": 921,
        "nonRecurringItems": -22,
        "period": "2021-09-25",
        "pretaxIncome": 1003,
        "provisionforIncomeTaxes": 82,
        "researchDevelopment": 765,
        "revenue": 4313,
        "sgaExpense": 376,
        "totalOperatingExpense": 1141,
        "totalOtherIncomeExpenseNet": 87
      },
      {
        "costOfGoodsSold": 2020,
        "dilutedAverageSharesOutstanding": 1232,
        "dilutedEPS": 0.58,
        "ebit": 830,
        "equityEarningsAffiliates": 2,
        "grossIncome": 1830,
        "interestExpense": 10,
        "interestIncomeExpense": -10,
        "netIncome": 710,
        "netIncomeAfterTaxes": 708,
        "nonRecurringItems": 1,
        "period": "2021-06-26",
        "pretaxIncome": 821,
        "provisionforIncomeTaxes": 113,
        "researchDevelopment": 659,
        "revenue": 3850,
        "sgaExpense": 341,
        "totalOperatingExpense": 1000,
        "totalOtherIncomeExpenseNet": 0
      },
      {
        "costOfGoodsSold": 1858,
        "dilutedAverageSharesOutstanding": 1231,
        "dilutedEPS": 0.45,
        "ebit": 658,
        "equityEarningsAffiliates": 2,
        "grossIncome": 1587,
        "interestExpense": 9,
        "interestIncomeExpense": -9,
        "netIncome": 555,
        "netIncomeAfterTaxes": 553,
        "nonRecurringItems": -10,
        "period": "2021-03-27",
        "pretaxIncome": 642,
        "provisionforIncomeTaxes": 89,
        "researchDevelopment": 610,
        "revenue": 3445,
        "sgaExpense": 319,
        "totalOperatingExpense": 929,
        "totalOtherIncomeExpenseNet": 3
      },
      {
        "costOfGoodsSold": 1793,
        "dilutedAverageSharesOutstanding": 1226,
        "dilutedEPS": 1.45,
        "ebit": 570,
        "equityEarningsAffiliates": 3,
        "grossIncome": 1451,
        "interestExpense": 9,
        "interestIncomeExpense": -1,
        "netIncome": 1781,
        "netIncomeAfterTaxes": 1778,
        "nonRecurringItems": -16,
        "period": "2020-12-26",
        "pretaxIncome": 546,
        "provisionforIncomeTaxes": -1232,
        "researchDevelopment": 573,
        "revenue": 3244,
        "sgaExpense": 308,
        "totalOperatingExpense": 881,
        "totalOtherIncomeExpenseNet": -7
      },
      {
        "costOfGoodsSold": 1571,
        "dilutedAverageSharesOutstanding": 1215,
        "dilutedEPS": 0.32,
        "ebit": 449,
        "equityEarningsAffiliates": 1,
        "grossIncome": 1230,
        "interestExpense": 11,
        "interestIncomeExpense": -11,
        "netIncome": 390,
        "netIncomeAfterTaxes": 389,
        "nonRecurringItems": -38,
        "period": "2020-09-26",
        "pretaxIncome": 401,
        "provisionforIncomeTaxes": 12,
        "researchDevelopment": 508,
        "revenue": 2801,
        "sgaExpense": 273,
        "totalOperatingExpense": 781,
        "totalOtherIncomeExpenseNet": 1
      },
      {
        "costOfGoodsSold": 1084,
        "dilutedAverageSharesOutstanding": 1227,
        "dilutedEPS": 0.13,
        "ebit": 173,
        "equityEarningsAffiliates": 1,
        "grossIncome": 848,
        "interestExpense": 14,
        "interestIncomeExpense": -14,
        "netIncome": 157,
        "netIncomeAfterTaxes": 156,
        "nonRecurringItems": 0,
        "period": "2020-06-27",
        "pretaxIncome": 160,
        "provisionforIncomeTaxes": 4,
        "researchDevelopment": 460,
        "revenue": 1932,
        "sgaExpense": 215,
        "totalOperatingExpense": 675,
        "totalOtherIncomeExpenseNet": 1
      },
      {
        "costOfGoodsSold": 968,
        "dilutedAverageSharesOutstanding": 1224,
        "dilutedEPS": 0.14,
        "ebit": 177,
        "equityEarningsAffiliates": 0,
        "grossIncome": 818,
        "interestExpense": 13,
        "interestIncomeExpense": -13,
        "netIncome": 162,
        "netIncomeAfterTaxes": 162,
        "nonRecurringItems": 0,
        "period": "2020-03-28",
        "pretaxIncome": 168,
        "provisionforIncomeTaxes": 6,
        "researchDevelopment": 442,
        "revenue": 1786,
        "sgaExpense": 199,
        "totalOperatingExpense": 641,
        "totalOtherIncomeExpenseNet": 4
      },
      {
        "costOfGoodsSold": 1178,
        "dilutedAverageSharesOutstanding": 1159,
        "dilutedEPS": 0.14,
        "ebit": 348,
        "equityEarningsAffiliates": 0,
        "grossIncome": 949,
        "interestExpense": 18,
        "interestIncomeExpense": -17,
        "netIncome": 170,
        "netIncomeAfterTaxes": 157,
        "nonRecurringItems": -128,
        "period": "2019-12-28",
        "pretaxIncome": 205,
        "provisionforIncomeTaxes": 48,
        "researchDevelopment": 395,
        "revenue": 2127,
        "sgaExpense": 206,
        "totalOperatingExpense": 601,
        "totalOtherIncomeExpenseNet": 2
      },
      {
        "costOfGoodsSold": 1024,
        "dilutedAverageSharesOutstanding": 1117,
        "dilutedEPS": 0.11,
        "ebit": 186,
        "equityEarningsAffiliates": 1,
        "grossIncome": 777,
        "interestExpense": 24,
        "interestIncomeExpense": -25,
        "netIncome": 120,
        "netIncomeAfterTaxes": 119,
        "nonRecurringItems": -40,
        "period": "2019-09-28",
        "pretaxIncome": 126,
        "provisionforIncomeTaxes": 7,
        "researchDevelopment": 406,
        "revenue": 1801,
        "sgaExpense": 185,
        "totalOperatingExpense": 591,
        "totalOtherIncomeExpenseNet": 5
      },
      {
        "costOfGoodsSold": 910,
        "dilutedAverageSharesOutstanding": 1109,
        "dilutedEPS": 0.03,
        "ebit": 59,
        "equityEarningsAffiliates": 0,
        "grossIncome": 621,
        "interestExpense": 25,
        "interestIncomeExpense": -26,
        "netIncome": 35,
        "netIncomeAfterTaxes": 35,
        "nonRecurringItems": 0,
        "period": "2019-06-29",
        "pretaxIncome": 37,
        "provisionforIncomeTaxes": 2,
        "researchDevelopment": 373,
        "revenue": 1531,
        "sgaExpense": 189,
        "totalOperatingExpense": 562,
        "totalOtherIncomeExpenseNet": 4
      },
      {
        "costOfGoodsSold": 751,
        "dilutedAverageSharesOutstanding": 1094,
        "dilutedEPS": 0.01,
        "ebit": -22,
        "equityEarningsAffiliates": -1,
        "grossIncome": 521,
        "interestExpense": 27,
        "interestIncomeExpense": -27,
        "netIncome": 16,
        "netIncomeAfterTaxes": 17,
        "nonRecurringItems": 52,
        "period": "2019-03-30",
        "pretaxIncome": 4,
        "provisionforIncomeTaxes": -13,
        "researchDevelopment": 373,
        "revenue": 1272,
        "sgaExpense": 170,
        "totalOperatingExpense": 543,
        "totalOtherIncomeExpenseNet": 1
      },
      {
        "costOfGoodsSold": 882,
        "dilutedAverageSharesOutstanding": 1082,
        "dilutedEPS": 0.05,
        "ebit": 28,
        "equityEarningsAffiliates": 0,
        "grossIncome": 537,
        "interestExpense": 29,
        "interestIncomeExpense": -30,
        "netIncome": 38,
        "netIncomeAfterTaxes": 51,
        "nonRecurringItems": -12,
        "period": "2018-12-29",
        "pretaxIncome": 3,
        "provisionforIncomeTaxes": -48,
        "researchDevelopment": 371,
        "revenue": 1419,
        "sgaExpense": 138,
        "totalOperatingExpense": 509,
        "totalOtherIncomeExpenseNet": 17
      },
      {
        "costOfGoodsSold": 992,
        "dilutedAverageSharesOutstanding": 1076,
        "dilutedEPS": 0.09,
        "ebit": 150,
        "equityEarningsAffiliates": 0,
        "grossIncome": 661,
        "interestExpense": 30,
        "interestIncomeExpense": -30,
        "netIncome": 102,
        "netIncomeAfterTaxes": 102,
        "nonRecurringItems": 0,
        "period": "2018-09-29",
        "pretaxIncome": 114,
        "provisionforIncomeTaxes": 12,
        "researchDevelopment": 363,
        "revenue": 1653,
        "sgaExpense": 148,
        "totalOperatingExpense": 511,
        "totalOtherIncomeExpenseNet": -6
      },
      {
        "costOfGoodsSold": 1104,
        "dilutedAverageSharesOutstanding": 1147,
        "dilutedEPS": 0.1,
        "ebit": 153,
        "equityEarningsAffiliates": -1,
        "grossIncome": 652,
        "interestExpense": 31,
        "interestIncomeExpense": -31,
        "netIncome": 116,
        "netIncomeAfterTaxes": 117,
        "nonRecurringItems": 0,
        "period": "2018-06-30",
        "pretaxIncome": 123,
        "provisionforIncomeTaxes": 6,
        "researchDevelopment": 357,
        "revenue": 1756,
        "sgaExpense": 142,
        "totalOperatingExpense": 499,
        "totalOtherIncomeExpenseNet": 1
      },
      {
        "costOfGoodsSold": 1050,
        "dilutedAverageSharesOutstanding": 1039,
        "dilutedEPS": 0.08,
        "ebit": 120,
        "equityEarningsAffiliates": -1,
        "grossIncome": 597,
        "interestExpense": 31,
        "interestIncomeExpense": -33,
        "netIncome": 81,
        "netIncomeAfterTaxes": 82,
        "nonRecurringItems": 0,
        "period": "2018-03-31",
        "pretaxIncome": 90,
        "provisionforIncomeTaxes": 8,
        "researchDevelopment": 343,
        "revenue": 1647,
        "sgaExpense": 134,
        "totalOperatingExpense": 477,
        "totalOtherIncomeExpenseNet": 3
      },
      {
        "costOfGoodsSold": 888,
        "dilutedAverageSharesOutstanding": 967,
        "dilutedEPS": -0.01,
        "ebit": -2,
        "equityEarningsAffiliates": 0,
        "grossIncome": 452,
        "interestExpense": 31,
        "interestIncomeExpense": -31,
        "netIncome": -19,
        "netIncomeAfterTaxes": -1149,
        "nonRecurringItems": -12,
        "period": "2017-12-30",
        "pretaxIncome": -31,
        "provisionforIncomeTaxes": 1118,
        "researchDevelopment": 320,
        "revenue": 1340,
        "sgaExpense": 134,
        "totalOperatingExpense": 454,
        "totalOtherIncomeExpenseNet": 14
      },
      {
        "costOfGoodsSold": 1013,
        "dilutedAverageSharesOutstanding": 1042,
        "dilutedEPS": 0.06,
        "ebit": 119,
        "equityEarningsAffiliates": -2,
        "grossIncome": 571,
        "interestExpense": 31,
        "interestIncomeExpense": -33,
        "netIncome": 61,
        "netIncomeAfterTaxes": 63,
        "nonRecurringItems": 0,
        "period": "2017-09-30",
        "pretaxIncome": 85,
        "provisionforIncomeTaxes": 22,
        "researchDevelopment": 320,
        "revenue": 1584,
        "sgaExpense": 132,
        "totalOperatingExpense": 452,
        "totalOtherIncomeExpenseNet": -1
      },
      {
        "costOfGoodsSold": 765,
        "dilutedAverageSharesOutstanding": 945,
        "dilutedEPS": -0.04,
        "ebit": -26,
        "equityEarningsAffiliates": -3,
        "grossIncome": 386,
        "interestExpense": 32,
        "interestIncomeExpense": -33,
        "netIncome": -42,
        "netIncomeAfterTaxes": -39,
        "nonRecurringItems": 25,
        "period": "2017-07-01",
        "pretaxIncome": -36,
        "provisionforIncomeTaxes": 3,
        "researchDevelopment": 285,
        "revenue": 1151,
        "sgaExpense": 127,
        "totalOperatingExpense": 412,
        "totalOtherIncomeExpenseNet": -2
      },
      {
        "costOfGoodsSold": 800,
        "dilutedAverageSharesOutstanding": 939,
        "dilutedEPS": -0.04,
        "ebit": -16,
        "equityEarningsAffiliates": -2,
        "grossIncome": 378,
        "interestExpense": 32,
        "interestIncomeExpense": -32,
        "netIncome": -33,
        "netIncomeAfterTaxes": -31,
        "nonRecurringItems": 27,
        "period": "2017-04-01",
        "pretaxIncome": -26,
        "provisionforIncomeTaxes": 5,
        "researchDevelopment": 271,
        "revenue": 1178,
        "sgaExpense": 123,
        "totalOperatingExpense": 394,
        "totalOtherIncomeExpenseNet": -5
      },
      {
        "costOfGoodsSold": 755,
        "depreciationAmortization": 0,
        "dilutedAverageSharesOutstanding": 937,
        "dilutedEPS": -0.05,
        "ebit": -34,
        "equityEarningsAffiliates": -2,
        "grossIncome": 351,
        "interestExpense": 34,
        "interestIncomeExpense": -34,
        "netIncome": -51,
        "netIncomeAfterTaxes": -49,
        "nonRecurringItems": 24,
        "period": "2016-12-31",
        "pretaxIncome": -44,
        "provisionforIncomeTaxes": 5,
        "researchDevelopment": 264,
        "revenue": 1106,
        "sgaExpense": 121,
        "totalOperatingExpense": 385
      },
      {
        "costOfGoodsSold": 1248,
        "depreciationAmortization": 0,
        "dilutedAverageSharesOutstanding": 815,
        "dilutedEPS": -0.5,
        "ebit": -317,
        "equityEarningsAffiliates": -5,
        "grossIncome": 59,
        "interestExpense": 41,
        "interestIncomeExpense": -41,
        "netIncome": -406,
        "netIncomeAfterTaxes": -401,
        "nonRecurringItems": -37,
        "period": "2016-09-24",
        "pretaxIncome": -397,
        "provisionforIncomeTaxes": 4,
        "researchDevelopment": 259,
        "revenue": 1307,
        "sgaExpense": 117,
        "totalOperatingExpense": 376,
        "totalOtherIncomeExpenseNet": -2
      },
      {
        "costOfGoodsSold": 708,
        "depreciationAmortization": 0,
        "dilutedAverageSharesOutstanding": 821,
        "dilutedEPS": 0.08,
        "ebit": -41,
        "equityEarningsAffiliates": -3,
        "grossIncome": 319,
        "interestExpense": 41,
        "interestIncomeExpense": -41,
        "netIncome": 69,
        "netIncomeAfterTaxes": 72,
        "nonRecurringItems": 33,
        "period": "2016-06-25",
        "pretaxIncome": 101,
        "provisionforIncomeTaxes": 29,
        "researchDevelopment": 243,
        "revenue": 1027,
        "sgaExpense": 117,
        "totalOperatingExpense": 360,
        "totalOtherIncomeExpenseNet": 150
      },
      {
        "costOfGoodsSold": 563,
        "depreciationAmortization": 0,
        "dilutedAverageSharesOutstanding": 793,
        "dilutedEPS": -0.14,
        "ebit": -78,
        "grossIncome": 269,
        "interestExpense": 40,
        "interestIncomeExpense": -40,
        "netIncome": -109,
        "netIncomeAfterTaxes": -109,
        "nonRecurringItems": 10,
        "period": "2016-03-26",
        "pretaxIncome": -108,
        "provisionforIncomeTaxes": 1,
        "researchDevelopment": 242,
        "revenue": 832,
        "sgaExpense": 105,
        "totalOperatingExpense": 347
      },
      {
        "costOfGoodsSold": 675,
        "depreciationAmortization": 0,
        "dilutedAverageSharesOutstanding": 791,
        "dilutedEPS": -0.13,
        "ebit": -50,
        "grossIncome": 283,
        "interestExpense": 41,
        "interestIncomeExpense": -46,
        "netIncome": -102,
        "netIncomeAfterTaxes": -102,
        "nonRecurringItems": 6,
        "period": "2015-12-26",
        "pretaxIncome": -92,
        "provisionforIncomeTaxes": 10,
        "researchDevelopment": 226,
        "revenue": 958,
        "sgaExpense": 107,
        "totalOperatingExpense": 333,
        "totalOtherIncomeExpenseNet": -2
      },
      {
        "costOfGoodsSold": 822,
        "depreciationAmortization": 0,
        "dilutedAverageSharesOutstanding": 785,
        "dilutedEPS": -0.25,
        "ebit": -105,
        "grossIncome": 239,
        "interestExpense": 39,
        "interestIncomeExpense": -46,
        "netIncome": -197,
        "netIncomeAfterTaxes": -197,
        "nonRecurringItems": -48,
        "period": "2015-09-26",
        "pretaxIncome": -197,
        "provisionforIncomeTaxes": 0,
        "researchDevelopment": 238,
        "revenue": 1061,
        "sgaExpense": 106,
        "totalOperatingExpense": 344,
        "totalOtherIncomeExpenseNet": 2
      }
    ],
    "symbol": "AMD"
  }
}