{
  "symbol": "FTNT",
  "statement": "ic",
  "frequency": "quarterly",
  "timestamp": "2025-09-19T14:00:38.694929",
  "data": {
    "financials": [
      {
        "costOfGoodsSold": 314.9,
        "dilutedAverageSharesOutstanding": 772.7,
        "dilutedEPS": 0.5696,
        "ebit": 456.7,
        "equityEarningsAffiliates": -0.1,
        "grossIncome": 1315.1,
        "interestExpense": 4.6,
        "interestIncomeExpense": 40.4,
        "netIncome": 440.1,
        "netIncomeAfterTaxes": 440.2,
        "nonRecurringItems": 1.3,
        "period": "2025-06-30",
        "pretaxIncome": 517.3,
        "provisionforIncomeTaxes": 77.1,
        "researchDevelopment": 209.5,
        "revenue": 1630,
        "sgaExpense": 648.9,
        "totalOperatingExpense": 858.4,
        "totalOtherIncomeExpenseNet": 18.9
      },
      {
        "costOfGoodsSold": 293.1,
        "dilutedAverageSharesOutstanding": 776.8,
        "dilutedEPS": 0.5579,
        "ebit": 447.5,
        "equityEarningsAffiliates": 10.6,
        "grossIncome": 1246.6,
        "interestExpense": 4.9,
        "interestIncomeExpense": 39.4,
        "netIncome": 433.4,
        "netIncomeAfterTaxes": 422.8,
        "nonRecurringItems": 6.3,
        "period": "2025-03-31",
        "pretaxIncome": 519.3,
        "provisionforIncomeTaxes": 96.5,
        "researchDevelopment": 198.6,
        "revenue": 1539.7,
        "sgaExpense": 600.5,
        "totalOperatingExpense": 799.1,
        "totalOtherIncomeExpenseNet": 26.1
      },
      {
        "costOfGoodsSold": 315,
        "dilutedAverageSharesOutstanding": 775.2,
        "dilutedEPS": 0.6788,
        "ebit": 572.4,
        "equityEarningsAffiliates": -5.5,
        "grossIncome": 1345.1,
        "interestExpense": 4.9,
        "interestIncomeExpense": 46.9,
        "minorityInterest": 0,
        "netIncome": 526.2,
        "netIncomeAfterTaxes": 531.7,
        "nonRecurringItems": 1.7,
        "period": "2024-12-31",
        "pretaxIncome": 618.4,
        "provisionforIncomeTaxes": 86.7,
        "researchDevelopment": 191.1,
        "revenue": 1660.1,
        "sgaExpense": 581.6,
        "totalOperatingExpense": 772.7,
        "totalOtherIncomeExpenseNet": -2.6
      },
      {
        "costOfGoodsSold": 254.6,
        "dilutedAverageSharesOutstanding": 771.9,
        "dilutedEPS": 0.6994,
        "ebit": 478.6,
        "equityEarningsAffiliates": -5.3,
        "grossIncome": 1253.5,
        "interestExpense": 5,
        "interestIncomeExpense": 37.4,
        "netIncome": 539.9,
        "netIncomeAfterTaxes": 545.2,
        "nonRecurringItems": 98.6,
        "period": "2024-09-30",
        "pretaxIncome": 626.4,
        "provisionforIncomeTaxes": 81.2,
        "researchDevelopment": 187.3,
        "revenue": 1508.1,
        "sgaExpense": 587.6,
        "totalOperatingExpense": 774.9,
        "totalOtherIncomeExpenseNet": 11.8
      },
      {
        "costOfGoodsSold": 264.3,
        "dilutedAverageSharesOutstanding": 769.9,
        "dilutedEPS": 0.4933,
        "ebit": 446.7,
        "equityEarningsAffiliates": -12,
        "grossIncome": 1170,
        "interestExpense": 5,
        "interestIncomeExpense": 33.3,
        "netIncome": 379.8,
        "netIncomeAfterTaxes": 391.8,
        "nonRecurringItems": -9.5,
        "period": "2024-06-30",
        "pretaxIncome": 468.3,
        "provisionforIncomeTaxes": 76.5,
        "researchDevelopment": 165.4,
        "revenue": 1434.3,
        "sgaExpense": 557.9,
        "totalOperatingExpense": 723.3,
        "totalOtherIncomeExpenseNet": -2.2
      },
      {
        "costOfGoodsSold": 304.7,
        "dilutedAverageSharesOutstanding": 770.5,
        "dilutedEPS": 0.3885,
        "ebit": 320.1,
        "equityEarningsAffiliates": -6.6,
        "grossIncome": 1048.6,
        "interestExpense": 5.1,
        "interestIncomeExpense": 27.1,
        "netIncome": 299.3,
        "netIncomeAfterTaxes": 305.9,
        "nonRecurringItems": 1.1,
        "period": "2024-03-31",
        "pretaxIncome": 345.4,
        "provisionforIncomeTaxes": 39.5,
        "researchDevelopment": 173,
        "revenue": 1353.3,
        "sgaExpense": 555.5,
        "totalOperatingExpense": 728.5,
        "totalOtherIncomeExpenseNet": -2.9
      },
      {
        "costOfGoodsSold": 315.9,
        "dilutedAverageSharesOutstanding": 772.3,
        "dilutedEPS": 0.4,
        "ebit": 384.2,
        "equityEarningsAffiliates": -9.5,
        "grossIncome": 1099.2,
        "interestExpense": 5.4,
        "interestIncomeExpense": 25.1,
        "minorityInterest": 0,
        "netIncome": 310.9,
        "netIncomeAfterTaxes": 320.4,
        "nonRecurringItems": 1.2,
        "period": "2023-12-31",
        "pretaxIncome": 415.6,
        "provisionforIncomeTaxes": 95.2,
        "researchDevelopment": 152.5,
        "revenue": 1415.1,
        "sgaExpense": 562.5,
        "totalOperatingExpense": 715,
        "totalOtherIncomeExpenseNet": 5.1
      },
      {
        "costOfGoodsSold": 317.7,
        "dilutedAverageSharesOutstanding": 791.2,
        "dilutedEPS": 0.41,
        "ebit": 302.1,
        "equityEarningsAffiliates": -5.2,
        "grossIncome": 1016.9,
        "interestExpense": 5.4,
        "interestIncomeExpense": 31.6,
        "minorityInterest": 0,
        "netIncome": 322.9,
        "netIncomeAfterTaxes": 328.1,
        "nonRecurringItems": 1.1,
        "period": "2023-09-30",
        "pretaxIncome": 327.8,
        "provisionforIncomeTaxes": -0.3,
        "researchDevelopment": 156.9,
        "revenue": 1334.6,
        "sgaExpense": 557.9,
        "totalOperatingExpense": 714.8,
        "totalOtherIncomeExpenseNet": -7
      },
      {
        "costOfGoodsSold": 295.8,
        "dilutedAverageSharesOutstanding": 795.9,
        "dilutedEPS": 0.33,
        "ebit": 277.9,
        "equityEarningsAffiliates": -5.3,
        "grossIncome": 997,
        "interestExpense": 5.2,
        "interestIncomeExpense": 26.4,
        "minorityInterest": 0,
        "netIncome": 266.3,
        "netIncomeAfterTaxes": 271.6,
        "nonRecurringItems": 1.1,
        "period": "2023-06-30",
        "pretaxIncome": 299.2,
        "provisionforIncomeTaxes": 27.6,
        "researchDevelopment": 153.3,
        "revenue": 1292.8,
        "sgaExpense": 565.8,
        "totalOperatingExpense": 719.1,
        "totalOtherIncomeExpenseNet": -6.2
      },
      {
        "costOfGoodsSold": 307.8,
        "dilutedAverageSharesOutstanding": 793.4,
        "dilutedEPS": 0.31,
        "ebit": 272.3,
        "equityEarningsAffiliates": -22.1,
        "grossIncome": 954.5,
        "interestExpense": 5,
        "interestIncomeExpense": 15.6,
        "minorityInterest": 0,
        "netIncome": 247.7,
        "netIncomeAfterTaxes": 269.8,
        "nonRecurringItems": 1.2,
        "period": "2023-03-31",
        "pretaxIncome": 291.1,
        "provisionforIncomeTaxes": 21.3,
        "researchDevelopment": 151.1,
        "revenue": 1262.3,
        "sgaExpense": 531.1,
        "totalOperatingExpense": 682.2,
        "totalOtherIncomeExpenseNet": 2
      },
      {
        "costOfGoodsSold": 297.3,
        "dilutedAverageSharesOutstanding": 791.8,
        "dilutedEPS": 0.4,
        "ebit": 356.6,
        "equityEarningsAffiliates": -45.2,
        "grossIncome": 985.7,
        "interestExpense": 4.5,
        "interestIncomeExpense": 4.6,
        "minorityInterest": 0,
        "netIncome": 313.8,
        "netIncomeAfterTaxes": 359,
        "nonRecurringItems": 1.2,
        "period": "2022-12-31",
        "pretaxIncome": 368.2,
        "provisionforIncomeTaxes": 9.2,
        "researchDevelopment": 128.9,
        "revenue": 1283,
        "sgaExpense": 500.2,
        "totalOperatingExpense": 629.1,
        "totalOtherIncomeExpenseNet": 5.8
      },
      {
        "costOfGoodsSold": 283,
        "dilutedAverageSharesOutstanding": 798.6,
        "dilutedEPS": 0.29,
        "ebit": 264.4,
        "equityEarningsAffiliates": -6.3,
        "grossIncome": 866.5,
        "interestExpense": 4.5,
        "interestIncomeExpense": 0.1,
        "minorityInterest": 0.5,
        "netIncome": 231.6,
        "netIncomeAfterTaxes": 237.4,
        "nonRecurringItems": 1.1,
        "period": "2022-09-30",
        "pretaxIncome": 264.7,
        "provisionforIncomeTaxes": 27.3,
        "researchDevelopment": 134.3,
        "revenue": 1149.5,
        "sgaExpense": 467.8,
        "totalOperatingExpense": 602.1,
        "totalOtherIncomeExpenseNet": -0.9
      },
      {
        "costOfGoodsSold": 250.8,
        "dilutedAverageSharesOutstanding": 810.1,
        "dilutedEPS": 0.21,
        "ebit": 194.1,
        "equityEarningsAffiliates": -8.1,
        "grossIncome": 779.3,
        "interestExpense": 4.5,
        "interestIncomeExpense": -2.1,
        "minorityInterest": 0.1,
        "netIncome": 173.5,
        "netIncomeAfterTaxes": 181.5,
        "nonRecurringItems": 1.2,
        "period": "2022-06-30",
        "pretaxIncome": 183.9,
        "provisionforIncomeTaxes": 2.4,
        "researchDevelopment": 124.3,
        "revenue": 1030.1,
        "sgaExpense": 460.9,
        "totalOperatingExpense": 585.2,
        "totalOtherIncomeExpenseNet": -9.3
      },
      {
        "costOfGoodsSold": 253.8,
        "dilutedAverageSharesOutstanding": 821,
        "dilutedEPS": 0.17,
        "ebit": 149.9,
        "equityEarningsAffiliates": -8.5,
        "grossIncome": 701,
        "interestExpense": 4.5,
        "interestIncomeExpense": -3.2,
        "minorityInterest": 0.1,
        "netIncome": 138.4,
        "netIncomeAfterTaxes": 146.8,
        "nonRecurringItems": 1.1,
        "period": "2022-03-31",
        "pretaxIncome": 138.7,
        "provisionforIncomeTaxes": -8.1,
        "researchDevelopment": 124.9,
        "revenue": 954.8,
        "sgaExpense": 426.2,
        "totalOperatingExpense": 551.1,
        "totalOtherIncomeExpenseNet": -9.1
      },
      {
        "costOfGoodsSold": 228.3,
        "dilutedAverageSharesOutstanding": 835.5,
        "dilutedEPS": 0.24,
        "ebit": 213.7,
        "equityEarningsAffiliates": -4.8,
        "grossIncome": 735.3,
        "interestExpense": 4.5,
        "interestIncomeExpense": -3.5,
        "minorityInterest": 0.2,
        "netIncome": 199,
        "netIncomeAfterTaxes": 203.6,
        "nonRecurringItems": 1.2,
        "period": "2021-12-31",
        "pretaxIncome": 207.3,
        "provisionforIncomeTaxes": 3.7,
        "researchDevelopment": 112.6,
        "revenue": 963.6,
        "sgaExpense": 409,
        "totalOperatingExpense": 521.6,
        "totalOtherIncomeExpenseNet": -4.1
      },
      {
        "costOfGoodsSold": 211.2,
        "dilutedAverageSharesOutstanding": 838.5,
        "dilutedEPS": 0.19,
        "ebit": 165.3,
        "equityEarningsAffiliates": -2.8,
        "grossIncome": 656,
        "interestExpense": 4.6,
        "interestIncomeExpense": -3.4,
        "minorityInterest": -0.1,
        "netIncome": 163.1,
        "netIncomeAfterTaxes": 166,
        "nonRecurringItems": 1.1,
        "period": "2021-09-30",
        "pretaxIncome": 156.7,
        "provisionforIncomeTaxes": -9.3,
        "researchDevelopment": 107.8,
        "revenue": 867.2,
        "sgaExpense": 382.9,
        "totalOperatingExpense": 490.7,
        "totalOtherIncomeExpenseNet": -6.3
      },
      {
        "costOfGoodsSold": 186.9,
        "dilutedAverageSharesOutstanding": 833.5,
        "dilutedEPS": 0.16,
        "ebit": 146.3,
        "grossIncome": 614.2,
        "interestExpense": 4.5,
        "interestIncomeExpense": -3.3,
        "netIncome": 137.5,
        "netIncomeAfterTaxes": 137.5,
        "nonRecurringItems": 1.2,
        "period": "2021-06-30",
        "pretaxIncome": 145,
        "provisionforIncomeTaxes": 7.5,
        "researchDevelopment": 106.6,
        "revenue": 801.1,
        "sgaExpense": 361.3,
        "totalOperatingExpense": 467.9,
        "totalOtherIncomeExpenseNet": 0.8
      },
      {
        "costOfGoodsSold": 156.6,
        "dilutedAverageSharesOutstanding": 832,
        "dilutedEPS": 0.13,
        "ebit": 120.5,
        "grossIncome": 553.7,
        "interestExpense": 1.3,
        "interestIncomeExpense": -0.2,
        "netIncome": 107.2,
        "netIncomeAfterTaxes": 107.2,
        "nonRecurringItems": 1.1,
        "period": "2021-03-31",
        "pretaxIncome": 119.4,
        "provisionforIncomeTaxes": 12.2,
        "researchDevelopment": 97.2,
        "revenue": 710.3,
        "sgaExpense": 336,
        "totalOperatingExpense": 433.2,
        "totalOtherIncomeExpenseNet": -2
      },
      {
        "costOfGoodsSold": 167,
        "dilutedAverageSharesOutstanding": 828,
        "dilutedEPS": 0.18,
        "ebit": 168.2,
        "grossIncome": 581,
        "interestIncomeExpense": 2,
        "netIncome": 146.7,
        "netIncomeAfterTaxes": 146.7,
        "nonRecurringItems": 1.2,
        "period": "2020-12-31",
        "pretaxIncome": 171.7,
        "provisionforIncomeTaxes": 25,
        "researchDevelopment": 89,
        "revenue": 748,
        "sgaExpense": 323.8,
        "totalOperatingExpense": 412.8,
        "totalOtherIncomeExpenseNet": 0.3
      },
      {
        "costOfGoodsSold": 139.2,
        "dilutedAverageSharesOutstanding": 828,
        "dilutedEPS": 0.15,
        "ebit": 125.8,
        "grossIncome": 511.9,
        "interestIncomeExpense": 2.5,
        "netIncome": 123.4,
        "netIncomeAfterTaxes": 123.4,
        "nonRecurringItems": 1.1,
        "period": "2020-09-30",
        "pretaxIncome": 128.4,
        "provisionforIncomeTaxes": 5,
        "researchDevelopment": 90,
        "revenue": 651.1,
        "sgaExpense": 296.1,
        "totalOperatingExpense": 386.1,
        "totalOtherIncomeExpenseNet": -1
      },
      {
        "costOfGoodsSold": 135.1,
        "dilutedAverageSharesOutstanding": 827,
        "dilutedEPS": 0.14,
        "ebit": 115.6,
        "grossIncome": 480.4,
        "interestIncomeExpense": 4,
        "netIncome": 112.1,
        "netIncomeAfterTaxes": 112.1,
        "nonRecurringItems": 1.1,
        "period": "2020-06-30",
        "pretaxIncome": 121.6,
        "provisionforIncomeTaxes": 9.5,
        "researchDevelopment": 82.1,
        "revenue": 615.5,
        "sgaExpense": 282.7,
        "totalOperatingExpense": 364.8,
        "totalOtherIncomeExpenseNet": 0.9
      },
      {
        "costOfGoodsSold": 128.7,
        "dilutedAverageSharesOutstanding": 871,
        "dilutedEPS": 0.12,
        "ebit": 79.1,
        "grossIncome": 448.2,
        "interestIncomeExpense": 9.2,
        "netIncome": 104,
        "netIncomeAfterTaxes": 104,
        "nonRecurringItems": 32.5,
        "period": "2020-03-31",
        "pretaxIncome": 117.1,
        "provisionforIncomeTaxes": 13.1,
        "researchDevelopment": 80.3,
        "revenue": 576.9,
        "sgaExpense": 288.8,
        "totalOperatingExpense": 369.1,
        "totalOtherIncomeExpenseNet": -3.7
      },
      {
        "costOfGoodsSold": 140.5,
        "dilutedAverageSharesOutstanding": 876.5,
        "dilutedEPS": 0.13,
        "ebit": 125.2,
        "grossIncome": 480.7,
        "interestIncomeExpense": 9.9,
        "netIncome": 120.4,
        "netIncomeAfterTaxes": 118.3,
        "nonRecurringItems": 0,
        "period": "2019-12-31",
        "pretaxIncome": 134.5,
        "provisionforIncomeTaxes": 16.2,
        "researchDevelopment": 71.2,
        "revenue": 621.2,
        "sgaExpense": 284.3,
        "totalOperatingExpense": 355.5,
        "totalOtherIncomeExpenseNet": -0.6
      },
      {
        "costOfGoodsSold": 124.1,
        "dilutedAverageSharesOutstanding": 874,
        "dilutedEPS": 0.09,
        "ebit": 100,
        "grossIncome": 423.4,
        "interestIncomeExpense": 11.4,
        "netIncome": 79.8,
        "netIncomeAfterTaxes": 79.8,
        "nonRecurringItems": -3.8,
        "period": "2019-09-30",
        "pretaxIncome": 105.4,
        "provisionforIncomeTaxes": 25.6,
        "researchDevelopment": 69.9,
        "revenue": 547.5,
        "sgaExpense": 253.5,
        "totalOperatingExpense": 323.4,
        "totalOtherIncomeExpenseNet": -2.2
      },
      {
        "costOfGoodsSold": 128.3,
        "dilutedAverageSharesOutstanding": 875.5,
        "dilutedEPS": 0.08,
        "ebit": 75.2,
        "grossIncome": 393.4,
        "interestIncomeExpense": 11,
        "netIncome": 72.7,
        "netIncomeAfterTaxes": 72.7,
        "period": "2019-06-30",
        "pretaxIncome": 85.8,
        "provisionforIncomeTaxes": 13.1,
        "researchDevelopment": 67.4,
        "revenue": 521.7,
        "sgaExpense": 250.8,
        "totalOperatingExpense": 318.2,
        "totalOtherIncomeExpenseNet": -0.4
      },
      {
        "costOfGoodsSold": 113,
        "dilutedAverageSharesOutstanding": 874,
        "dilutedEPS": 0.07,
        "ebit": 50.6,
        "grossIncome": 359.6,
        "interestIncomeExpense": 10.2,
        "netIncome": 58.8,
        "netIncomeAfterTaxes": 58.8,
        "period": "2019-03-31",
        "pretaxIncome": 60.3,
        "provisionforIncomeTaxes": 1.5,
        "researchDevelopment": 68.6,
        "revenue": 472.6,
        "sgaExpense": 240.4,
        "totalOperatingExpense": 309,
        "totalOtherIncomeExpenseNet": -0.5
      },
      {
        "costOfGoodsSold": 128.5,
        "dilutedAverageSharesOutstanding": 878.5,
        "dilutedEPS": 0.2,
        "ebit": 85.1,
        "grossIncome": 378.5,
        "interestIncomeExpense": 9.3,
        "netIncome": 182.6,
        "netIncomeAfterTaxes": 215.2,
        "nonRecurringItems": 0,
        "period": "2018-12-31",
        "pretaxIncome": 92.1,
        "provisionforIncomeTaxes": -123.1,
        "researchDevelopment": 65.5,
        "revenue": 507,
        "sgaExpense": 227.9,
        "totalOperatingExpense": 293.4,
        "totalOtherIncomeExpenseNet": -2.3
      },
      {
        "costOfGoodsSold": 111.6,
        "dilutedAverageSharesOutstanding": 878.5,
        "dilutedEPS": 0.07,
        "ebit": 62.8,
        "grossIncome": 342.3,
        "interestIncomeExpense": 6.9,
        "netIncome": 58.7,
        "netIncomeAfterTaxes": 58.7,
        "nonRecurringItems": 0,
        "period": "2018-09-30",
        "pretaxIncome": 70.6,
        "provisionforIncomeTaxes": 11.9,
        "researchDevelopment": 58.7,
        "revenue": 453.9,
        "sgaExpense": 220.8,
        "totalOperatingExpense": 279.5,
        "totalOtherIncomeExpenseNet": 0.9
      },
      {
        "costOfGoodsSold": 113.1,
        "dilutedAverageSharesOutstanding": 867.5,
        "dilutedEPS": 0.06,
        "ebit": 50.7,
        "grossIncome": 328.2,
        "interestIncomeExpense": 5.8,
        "netIncome": 49.3,
        "netIncomeAfterTaxes": 49.3,
        "nonRecurringItems": 0,
        "period": "2018-06-30",
        "pretaxIncome": 51.5,
        "provisionforIncomeTaxes": 2.2,
        "researchDevelopment": 61.2,
        "revenue": 441.3,
        "sgaExpense": 216.3,
        "totalOperatingExpense": 277.5,
        "totalOtherIncomeExpenseNet": -5
      },
      {
        "costOfGoodsSold": 97.2,
        "dilutedAverageSharesOutstanding": 859,
        "dilutedEPS": 0.05,
        "ebit": 32.4,
        "grossIncome": 301.8,
        "interestIncomeExpense": 4.5,
        "netIncome": 41.6,
        "netIncomeAfterTaxes": 41.6,
        "nonRecurringItems": 0,
        "period": "2018-03-31",
        "pretaxIncome": 36.7,
        "provisionforIncomeTaxes": -4.9,
        "researchDevelopment": 59.1,
        "revenue": 399,
        "sgaExpense": 210.3,
        "totalOperatingExpense": 269.4,
        "totalOtherIncomeExpenseNet": -0.2
      },
      {
        "costOfGoodsSold": 105.419,
        "dilutedAverageSharesOutstanding": 857.505,
        "dilutedEPS": -0.03,
        "ebit": 42.198,
        "grossIncome": 311.249,
        "interestIncomeExpense": 4.061,
        "netIncome": -28.961,
        "netIncomeAfterTaxes": 34.139,
        "nonRecurringItems": 0,
        "period": "2017-12-31",
        "pretaxIncome": 45.078,
        "provisionforIncomeTaxes": 10.939,
        "researchDevelopment": 54.774,
        "revenue": 416.668,
        "sgaExpense": 214.277,
        "totalOperatingExpense": 269.051,
        "totalOtherIncomeExpenseNet": -1.181
      },
      {
        "costOfGoodsSold": 93.649,
        "dilutedAverageSharesOutstanding": 894.865,
        "dilutedEPS": 0.03,
        "ebit": 33.696,
        "grossIncome": 280.568,
        "interestIncomeExpense": 3.866,
        "netIncome": 26.61,
        "netIncomeAfterTaxes": 26.61,
        "nonRecurringItems": 0,
        "period": "2017-09-30",
        "pretaxIncome": 37.906,
        "provisionforIncomeTaxes": 11.296,
        "researchDevelopment": 53.486,
        "revenue": 374.217,
        "sgaExpense": 193.386,
        "totalOperatingExpense": 246.872,
        "totalOtherIncomeExpenseNet": 0.344
      },
      {
        "costOfGoodsSold": 95.652,
        "dilutedAverageSharesOutstanding": 898.505,
        "dilutedEPS": 0.03,
        "ebit": 28.41,
        "grossIncome": 267.817,
        "interestIncomeExpense": 3.163,
        "netIncome": 23.033,
        "netIncomeAfterTaxes": 23.033,
        "nonRecurringItems": 0.09,
        "period": "2017-06-30",
        "pretaxIncome": 32.906,
        "provisionforIncomeTaxes": 9.873,
        "researchDevelopment": 51.159,
        "revenue": 363.469,
        "sgaExpense": 188.248,
        "totalOperatingExpense": 239.407,
        "totalOtherIncomeExpenseNet": 1.243
      },
      {
        "costOfGoodsSold": 90.564,
        "dilutedAverageSharesOutstanding": 891.39,
        "dilutedEPS": 0.01,
        "ebit": 5.84,
        "grossIncome": 250.012,
        "interestIncomeExpense": 2.392,
        "netIncome": 10.717,
        "netIncomeAfterTaxes": 10.717,
        "nonRecurringItems": -0.43,
        "period": "2017-03-31",
        "pretaxIncome": 8.104,
        "provisionforIncomeTaxes": -2.613,
        "researchDevelopment": 51.195,
        "revenue": 340.576,
        "sgaExpense": 192.977,
        "totalOperatingExpense": 244.172,
        "totalOtherIncomeExpenseNet": 0.302
      },
      {
        "costOfGoodsSold": 90.891,
        "dilutedAverageSharesOutstanding": 886.07,
        "dilutedEPS": 0.03,
        "ebit": 46.026,
        "grossIncome": 271.939,
        "interestIncomeExpense": 1.964,
        "netIncome": 25.166,
        "netIncomeAfterTaxes": 25.166,
        "nonRecurringItems": -0.833,
        "period": "2016-12-31",
        "pretaxIncome": 43.507,
        "provisionforIncomeTaxes": 18.341,
        "researchDevelopment": 45.589,
        "revenue": 362.83,
        "sgaExpense": 180.324,
        "totalOperatingExpense": 225.913,
        "totalOtherIncomeExpenseNet": -3.65
      },
      {
        "costOfGoodsSold": 84.799,
        "dilutedAverageSharesOutstanding": 889.69,
        "dilutedEPS": 0.01,
        "ebit": 7.771,
        "grossIncome": 231.847,
        "interestIncomeExpense": 1.888,
        "netIncome": 6.291,
        "netIncomeAfterTaxes": 6.291,
        "nonRecurringItems": -2.283,
        "period": "2016-09-30",
        "pretaxIncome": 6.589,
        "provisionforIncomeTaxes": 0.298,
        "researchDevelopment": 47.239,
        "revenue": 316.646,
        "sgaExpense": 176.837,
        "totalOperatingExpense": 224.076,
        "totalOtherIncomeExpenseNet": -0.787
      },
      {
        "costOfGoodsSold": 84.503,
        "dilutedAverageSharesOutstanding": 860.375,
        "dilutedEPS": 0,
        "ebit": -3.492,
        "grossIncome": 226.888,
        "interestIncomeExpense": 1.705,
        "netIncome": -1.388,
        "netIncomeAfterTaxes": -1.388,
        "nonRecurringItems": -0.553,
        "period": "2016-06-30",
        "pretaxIncome": -3.69,
        "provisionforIncomeTaxes": -2.302,
        "researchDevelopment": 45.502,
        "revenue": 311.391,
        "sgaExpense": 184.878,
        "totalOperatingExpense": 230.38,
        "totalOtherIncomeExpenseNet": -1.35
      },
      {
        "costOfGoodsSold": 77.644,
        "dilutedAverageSharesOutstanding": 872.105,
        "dilutedEPS": 0,
        "ebit": -3.364,
        "grossIncome": 206.932,
        "interestIncomeExpense": 1.746,
        "netIncome": 2.118,
        "netIncomeAfterTaxes": 2.118,
        "nonRecurringItems": -0.328,
        "period": "2016-03-31",
        "pretaxIncome": -3.258,
        "provisionforIncomeTaxes": -5.376,
        "researchDevelopment": 44.754,
        "revenue": 284.576,
        "sgaExpense": 165.542,
        "totalOperatingExpense": 210.296,
        "totalOtherIncomeExpenseNet": -1.312
      },
      {
        "costOfGoodsSold": 81.976,
        "dilutedAverageSharesOutstanding": 859.23,
        "dilutedEPS": 0,
        "ebit": 14.584,
        "grossIncome": 214.553,
        "interestIncomeExpense": 1.176,
        "netIncome": -2.534,
        "netIncomeAfterTaxes": -2.534,
        "nonRecurringItems": -1.717,
        "period": "2015-12-31",
        "pretaxIncome": 13.036,
        "provisionforIncomeTaxes": 15.57,
        "researchDevelopment": 42.814,
        "revenue": 296.529,
        "sgaExpense": 157.155,
        "totalOperatingExpense": 199.969,
        "totalOtherIncomeExpenseNet": -1.007
      },
      {
        "costOfGoodsSold": 71.701,
        "dilutedAverageSharesOutstanding": 889.485,
        "dilutedEPS": 0.01,
        "ebit": 4.043,
        "grossIncome": 188.367,
        "interestIncomeExpense": 1.333,
        "netIncome": 8.169,
        "netIncomeAfterTaxes": 8.169,
        "nonRecurringItems": -5.883,
        "period": "2015-09-30",
        "pretaxIncome": -1.16,
        "provisionforIncomeTaxes": -9.329,
        "researchDevelopment": 42.11,
        "revenue": 260.068,
        "sgaExpense": 142.214,
        "totalOperatingExpense": 184.324,
        "totalOtherIncomeExpenseNet": -0.653
      }
    ],
    "symbol": "FTNT"
  }
}