{
  "symbol": "PSA",
  "statement": "ic",
  "frequency": "quarterly",
  "timestamp": "2025-09-19T14:05:54.211309",
  "data": {
    "financials": [
      {
        "costOfGoodsSold": 318.005,
        "depreciationAmortization": 283.216,
        "dilutedAverageSharesOutstanding": 175.921,
        "dilutedEPS": 1.7563,
        "ebit": 574.146,
        "gainLossOnDispositionOfAssets": 0.163,
        "grossIncome": 883.089,
        "interestExpense": 71.609,
        "interestIncomeExpense": -212.702,
        "minorityInterest": -2.992,
        "netIncome": 308.968,
        "netIncomeAfterTaxes": 361.411,
        "nonRecurringItems": -2.538,
        "period": "2025-06-30",
        "pretaxIncome": 364.651,
        "provisionforIncomeTaxes": 3.24,
        "revenue": 1201.094,
        "sgaExpense": 25.727,
        "totalOperatingExpense": 308.943,
        "totalOtherIncomeExpenseNet": 5.582
      },
      {
        "costOfGoodsSold": 331.847,
        "depreciationAmortization": 282.715,
        "dilutedAverageSharesOutstanding": 175.942,
        "dilutedEPS": 2.0361,
        "ebit": 543.438,
        "gainLossOnDispositionOfAssets": 0.045,
        "grossIncome": 851.337,
        "interestExpense": 72.009,
        "interestIncomeExpense": -130.043,
        "minorityInterest": -3,
        "netIncome": 358.23,
        "netIncomeAfterTaxes": 410.791,
        "nonRecurringItems": -7.423,
        "period": "2025-03-31",
        "pretaxIncome": 412.217,
        "provisionforIncomeTaxes": 1.426,
        "revenue": 1183.184,
        "sgaExpense": 25.184,
        "totalOperatingExpense": 307.899,
        "totalOtherIncomeExpenseNet": 6.2
      },
      {
        "costOfGoodsSold": 310.774,
        "depreciationAmortization": 280.891,
        "dilutedAverageSharesOutstanding": 175.93,
        "dilutedEPS": 3.2081,
        "ebit": 553.215,
        "gainLossOnDispositionOfAssets": 0.109,
        "grossIncome": 866.653,
        "interestExpense": 72.135,
        "interestIncomeExpense": 65.488,
        "minorityInterest": -3.754,
        "netIncome": 564.398,
        "netIncomeAfterTaxes": 618.361,
        "nonRecurringItems": -6.352,
        "period": "2024-12-31",
        "pretaxIncome": 616.988,
        "provisionforIncomeTaxes": -1.373,
        "revenue": 1177.427,
        "sgaExpense": 32.547,
        "totalOperatingExpense": 313.438,
        "totalOtherIncomeExpenseNet": 4.528
      },
      {
        "costOfGoodsSold": 321.7,
        "depreciationAmortization": 280.33,
        "dilutedAverageSharesOutstanding": 175.866,
        "dilutedEPS": 2.1648,
        "ebit": 559.514,
        "gainLossOnDispositionOfAssets": 0.554,
        "grossIncome": 866.058,
        "interestExpense": 74.252,
        "interestIncomeExpense": -127.075,
        "minorityInterest": -2.814,
        "netIncome": 380.712,
        "netIncomeAfterTaxes": 433.143,
        "nonRecurringItems": -2.53,
        "period": "2024-09-30",
        "pretaxIncome": 435.631,
        "provisionforIncomeTaxes": 2.488,
        "revenue": 1187.758,
        "sgaExpense": 26.214,
        "totalOperatingExpense": 306.544,
        "totalOtherIncomeExpenseNet": 5.168
      },
      {
        "costOfGoodsSold": 301.044,
        "depreciationAmortization": 283.342,
        "dilutedAverageSharesOutstanding": 176.009,
        "dilutedEPS": 2.661,
        "ebit": 562.245,
        "gainLossOnDispositionOfAssets": 0,
        "grossIncome": 872.167,
        "interestExpense": 73.236,
        "interestIncomeExpense": -53.296,
        "minorityInterest": -3.082,
        "netIncome": 468.366,
        "netIncomeAfterTaxes": 521.209,
        "nonRecurringItems": -2.907,
        "period": "2024-06-30",
        "pretaxIncome": 523.284,
        "provisionforIncomeTaxes": 2.075,
        "revenue": 1173.211,
        "sgaExpense": 26.58,
        "totalOperatingExpense": 309.922,
        "totalOtherIncomeExpenseNet": 17.242
      },
      {
        "costOfGoodsSold": 324.483,
        "depreciationAmortization": 285.203,
        "dilutedAverageSharesOutstanding": 176.35,
        "dilutedEPS": 2.604,
        "ebit": 526.198,
        "gainLossOnDispositionOfAssets": 0.874,
        "grossIncome": 832.737,
        "interestExpense": 67.778,
        "interestIncomeExpense": -14.402,
        "minorityInterest": -2.749,
        "netIncome": 459.209,
        "netIncomeAfterTaxes": 511.697,
        "nonRecurringItems": -3.717,
        "period": "2024-03-31",
        "pretaxIncome": 513.176,
        "provisionforIncomeTaxes": 1.479,
        "revenue": 1157.22,
        "sgaExpense": 21.336,
        "totalOperatingExpense": 306.539,
        "totalOtherIncomeExpenseNet": 4.223
      },
      {
        "costOfGoodsSold": 290.831,
        "depreciationAmortization": 287.525,
        "dilutedAverageSharesOutstanding": 176.062,
        "dilutedEPS": 2.2132,
        "ebit": 580.483,
        "gainLossOnDispositionOfAssets": 17.09,
        "grossIncome": 869.037,
        "interestExpense": 68.602,
        "interestIncomeExpense": -113.68,
        "minorityInterest": -2.605,
        "netIncome": 389.657,
        "netIncomeAfterTaxes": 441.897,
        "nonRecurringItems": -26.451,
        "otherOperatingExpensesTotal": -22.083,
        "period": "2023-12-31",
        "pretaxIncome": 452.718,
        "provisionforIncomeTaxes": 10.821,
        "revenue": 1159.868,
        "sgaExpense": 23.112,
        "totalOperatingExpense": 288.554,
        "totalOtherIncomeExpenseNet": -4.724
      },
      {
        "costOfGoodsSold": 288.944,
        "depreciationAmortization": 238.748,
        "dilutedAverageSharesOutstanding": 176.15,
        "dilutedEPS": 3.1975,
        "ebit": 588.161,
        "gainLossOnDispositionOfAssets": 0.088,
        "grossIncome": 854.876,
        "interestExpense": 58.35,
        "interestIncomeExpense": 29.052,
        "minorityInterest": -3.345,
        "netIncome": 563.237,
        "netIncomeAfterTaxes": 616.643,
        "nonRecurringItems": -0.658,
        "period": "2023-09-30",
        "pretaxIncome": 616.643,
        "revenue": 1143.82,
        "sgaExpense": 27.967,
        "totalOperatingExpense": 266.715
      },
      {
        "costOfGoodsSold": 279.88,
        "depreciationAmortization": 222.133,
        "dilutedAverageSharesOutstanding": 176.212,
        "dilutedEPS": 2.9979,
        "ebit": 593.517,
        "grossIncome": 839.89,
        "interestExpense": 38.079,
        "interestIncomeExpense": -11.158,
        "minorityInterest": -3.136,
        "netIncome": 528.259,
        "netIncomeAfterTaxes": 581.165,
        "nonRecurringItems": -1.194,
        "period": "2023-06-30",
        "pretaxIncome": 581.165,
        "revenue": 1119.77,
        "sgaExpense": 24.24,
        "totalOperatingExpense": 246.373
      },
      {
        "costOfGoodsSold": 288.291,
        "depreciationAmortization": 221.65,
        "dilutedAverageSharesOutstanding": 176.228,
        "dilutedEPS": 2.6533,
        "ebit": 559.328,
        "grossIncome": 805.941,
        "interestExpense": 36.101,
        "interestIncomeExpense": -38.332,
        "minorityInterest": -2.707,
        "netIncome": 467.588,
        "netIncomeAfterTaxes": 520.415,
        "nonRecurringItems": -0.581,
        "period": "2023-03-31",
        "pretaxIncome": 520.415,
        "revenue": 1094.232,
        "sgaExpense": 24.963,
        "totalOperatingExpense": 246.613
      },
      {
        "costOfGoodsSold": 259.657,
        "depreciationAmortization": 226.538,
        "dilutedAverageSharesOutstanding": 176.145,
        "dilutedEPS": 2.0587,
        "ebit": 570.7,
        "gainLossOnDispositionOfAssets": 0,
        "grossIncome": 828.885,
        "interestExpense": 36.141,
        "interestIncomeExpense": -155.097,
        "minorityInterest": -2.574,
        "netIncome": 362.622,
        "netIncomeAfterTaxes": 414.934,
        "nonRecurringItems": -1.694,
        "period": "2022-12-31",
        "pretaxIncome": 414.934,
        "revenue": 1088.542,
        "sgaExpense": 31.647,
        "totalOperatingExpense": 258.185,
        "totalOtherIncomeExpenseNet": 1.025
      },
      {
        "costOfGoodsSold": 277.042,
        "depreciationAmortization": 220.772,
        "dilutedAverageSharesOutstanding": 176.328,
        "dilutedEPS": 15.3813,
        "ebit": 561.916,
        "gainLossOnDispositionOfAssets": 1.503,
        "grossIncome": 811.089,
        "interestExpense": 34.113,
        "interestIncomeExpense": 85.741,
        "minorityInterest": -9.158,
        "netIncome": 2712.161,
        "netIncomeAfterTaxes": 2778.152,
        "nonRecurringItems": 2127.76,
        "period": "2022-09-30",
        "pretaxIncome": 2778.152,
        "revenue": 1088.131,
        "sgaExpense": 28.401,
        "totalOperatingExpense": 249.173,
        "totalOtherIncomeExpenseNet": 1.232
      },
      {
        "costOfGoodsSold": 255.199,
        "depreciationAmortization": 218.708,
        "dilutedAverageSharesOutstanding": 176.312,
        "dilutedEPS": 3.4222,
        "ebit": 530.287,
        "gainLossOnDispositionOfAssets": 0,
        "grossIncome": 776.846,
        "interestExpense": 32.941,
        "interestIncomeExpense": 127.586,
        "minorityInterest": -3.043,
        "netIncome": 603.381,
        "netIncomeAfterTaxes": 656.893,
        "nonRecurringItems": -0.98,
        "period": "2022-06-30",
        "pretaxIncome": 656.893,
        "revenue": 1032.045,
        "sgaExpense": 27.851,
        "totalOperatingExpense": 246.559
      },
      {
        "costOfGoodsSold": 261.009,
        "depreciationAmortization": 222.128,
        "dilutedAverageSharesOutstanding": 176.336,
        "dilutedEPS": 2.632,
        "ebit": 467.479,
        "gainLossOnDispositionOfAssets": 0,
        "grossIncome": 712.436,
        "interestExpense": 33.124,
        "interestIncomeExpense": 49.056,
        "minorityInterest": -2.352,
        "netIncome": 464.124,
        "netIncomeAfterTaxes": 516.295,
        "nonRecurringItems": -0.24,
        "period": "2022-03-31",
        "pretaxIncome": 516.295,
        "revenue": 973.445,
        "sgaExpense": 22.829,
        "totalOperatingExpense": 244.957
      },
      {
        "costOfGoodsSold": 236.855,
        "depreciationAmortization": 205.289,
        "dilutedAverageSharesOutstanding": 176.078,
        "dilutedEPS": 3.1694,
        "ebit": 458.489,
        "gainLossOnDispositionOfAssets": 0,
        "grossIncome": 687.461,
        "interestExpense": 29.794,
        "interestIncomeExpense": 162.105,
        "minorityInterest": -2.309,
        "netIncome": 558.058,
        "netIncomeAfterTaxes": 622.019,
        "nonRecurringItems": 1.425,
        "period": "2021-12-31",
        "pretaxIncome": 622.019,
        "revenue": 924.316,
        "sgaExpense": 23.683,
        "totalOperatingExpense": 228.972
      },
      {
        "costOfGoodsSold": 236.734,
        "depreciationAmortization": 188.552,
        "dilutedAverageSharesOutstanding": 175.806,
        "dilutedEPS": 2.516,
        "ebit": 442.028,
        "gainLossOnDispositionOfAssets": 0.279,
        "grossIncome": 658.197,
        "interestExpense": 23.736,
        "interestIncomeExpense": 53.386,
        "minorityInterest": -1.537,
        "netIncome": 442.327,
        "netIncomeAfterTaxes": 491.628,
        "nonRecurringItems": -4.065,
        "period": "2021-09-30",
        "pretaxIncome": 491.628,
        "revenue": 894.931,
        "sgaExpense": 27.617,
        "totalOperatingExpense": 216.169
      },
      {
        "costOfGoodsSold": 218.586,
        "depreciationAmortization": 172.728,
        "dilutedAverageSharesOutstanding": 175.547,
        "dilutedEPS": 1.9724,
        "ebit": 411.995,
        "gainLossOnDispositionOfAssets": 3.991,
        "grossIncome": 610.729,
        "interestExpense": 21.994,
        "interestIncomeExpense": -2.522,
        "minorityInterest": -1.304,
        "netIncome": 346.249,
        "netIncomeAfterTaxes": 411.73,
        "nonRecurringItems": -1.734,
        "period": "2021-06-30",
        "pretaxIncome": 411.73,
        "revenue": 829.315,
        "sgaExpense": 26.006,
        "totalOperatingExpense": 198.734
      },
      {
        "costOfGoodsSold": 228.4,
        "depreciationAmortization": 146.9,
        "dilutedAverageSharesOutstanding": 174.8,
        "dilutedEPS": 2.21,
        "ebit": 374.2,
        "gainLossOnDispositionOfAssets": 9.4,
        "grossIncome": 538.8,
        "interestExpense": 15.25,
        "interestIncomeExpense": 52.4,
        "minorityInterest": -1.2,
        "netIncome": 385.8,
        "netIncomeAfterTaxes": 434.3,
        "nonRecurringItems": -1.8,
        "period": "2021-03-31",
        "pretaxIncome": 434.3,
        "revenue": 767.3,
        "sgaExpense": 17.8,
        "totalOperatingExpense": 164.7
      },
      {
        "costOfGoodsSold": 205.5,
        "depreciationAmortization": 141.4,
        "dilutedAverageSharesOutstanding": 174.8,
        "dilutedEPS": 1.67,
        "ebit": 396.4,
        "gainLossOnDispositionOfAssets": 0.4,
        "grossIncome": 553.5,
        "interestExpense": 14.235,
        "interestIncomeExpense": -39.5,
        "minorityInterest": -1.2,
        "netIncome": 292.2,
        "netIncomeAfterTaxes": 352.4,
        "nonRecurringItems": -4.8,
        "period": "2020-12-31",
        "pretaxIncome": 352.4,
        "revenue": 759,
        "sgaExpense": 15.7,
        "totalOperatingExpense": 157.2
      },
      {
        "costOfGoodsSold": 217.5,
        "depreciationAmortization": 138.3,
        "dilutedAverageSharesOutstanding": 174.6,
        "dilutedEPS": 1.41,
        "ebit": 355.5,
        "grossIncome": 513.2,
        "interestExpense": 14.282,
        "interestIncomeExpense": -27.7,
        "minorityInterest": -1,
        "netIncome": 246.9,
        "netIncomeAfterTaxes": 325.8,
        "nonRecurringItems": -1.9,
        "period": "2020-09-30",
        "pretaxIncome": 325.8,
        "revenue": 730.7,
        "sgaExpense": 19.4,
        "totalOperatingExpense": 157.7
      },
      {
        "costOfGoodsSold": 225.6,
        "depreciationAmortization": 137.6,
        "dilutedAverageSharesOutstanding": 174.6,
        "dilutedEPS": 1.41,
        "ebit": 326.6,
        "gainLossOnDispositionOfAssets": 0,
        "grossIncome": 483.7,
        "interestExpense": 14.145,
        "interestIncomeExpense": -10,
        "minorityInterest": -0.9,
        "netIncome": 246.1,
        "netIncomeAfterTaxes": 315.8,
        "nonRecurringItems": -0.8,
        "period": "2020-06-30",
        "pretaxIncome": 315.8,
        "revenue": 709.3,
        "sgaExpense": 19.5,
        "totalOperatingExpense": 157.1
      },
      {
        "costOfGoodsSold": 218.9,
        "depreciationAmortization": 135.9,
        "dilutedAverageSharesOutstanding": 174.6,
        "dilutedEPS": 1.79,
        "ebit": 342.6,
        "gainLossOnDispositionOfAssets": 1.1,
        "grossIncome": 497.2,
        "interestExpense": 13.621,
        "interestIncomeExpense": 25.8,
        "minorityInterest": -1,
        "netIncome": 313.1,
        "netIncomeAfterTaxes": 367.1,
        "nonRecurringItems": -2.4,
        "period": "2020-03-31",
        "pretaxIncome": 367.1,
        "revenue": 716.1,
        "sgaExpense": 18.6,
        "totalOperatingExpense": 154.5
      },
      {
        "costOfGoodsSold": 189,
        "depreciationAmortization": 134.9,
        "dilutedAverageSharesOutstanding": 174.6,
        "dilutedEPS": 1.87,
        "ebit": 392.8,
        "gainLossOnDispositionOfAssets": 0,
        "grossIncome": 536.8,
        "interestExpense": 12.647,
        "interestIncomeExpense": -4.4,
        "minorityInterest": -1.1,
        "netIncome": 327.3,
        "netIncomeAfterTaxes": 387.1,
        "nonRecurringItems": -1.3,
        "period": "2019-12-31",
        "pretaxIncome": 387.1,
        "revenue": 725.8,
        "sgaExpense": 9.2,
        "totalOperatingExpense": 144
      },
      {
        "costOfGoodsSold": 212.3,
        "depreciationAmortization": 129.2,
        "dilutedAverageSharesOutstanding": 174.6,
        "dilutedEPS": 1.93,
        "ebit": 372.3,
        "gainLossOnDispositionOfAssets": 0,
        "grossIncome": 517.1,
        "interestExpense": 12.597,
        "interestIncomeExpense": 28.5,
        "minorityInterest": -1.5,
        "netIncome": 337.4,
        "netIncomeAfterTaxes": 399.4,
        "nonRecurringItems": -1.4,
        "period": "2019-09-30",
        "pretaxIncome": 399.4,
        "revenue": 729.3,
        "sgaExpense": 15.5,
        "totalOperatingExpense": 144.7
      },
      {
        "costOfGoodsSold": 207.7,
        "depreciationAmortization": 126.9,
        "dilutedAverageSharesOutstanding": 174.5,
        "dilutedEPS": 1.76,
        "ebit": 362.3,
        "gainLossOnDispositionOfAssets": 0.3,
        "grossIncome": 503.2,
        "interestExpense": 12.254,
        "interestIncomeExpense": 10,
        "minorityInterest": -1.4,
        "netIncome": 306.4,
        "netIncomeAfterTaxes": 371.5,
        "nonRecurringItems": -1.2,
        "period": "2019-06-30",
        "pretaxIncome": 371.5,
        "revenue": 711,
        "sgaExpense": 14,
        "totalOperatingExpense": 141
      },
      {
        "costOfGoodsSold": 204.2,
        "depreciationAmortization": 121.9,
        "dilutedAverageSharesOutstanding": 174.4,
        "dilutedEPS": 1.73,
        "ebit": 347.1,
        "gainLossOnDispositionOfAssets": 0,
        "grossIncome": 484.8,
        "interestExpense": 8.143,
        "interestIncomeExpense": 24.3,
        "minorityInterest": -1.2,
        "netIncome": 301.7,
        "netIncomeAfterTaxes": 367.7,
        "nonRecurringItems": -3.7,
        "period": "2019-03-31",
        "pretaxIncome": 367.7,
        "revenue": 689,
        "sgaExpense": 15.8,
        "totalOperatingExpense": 137.7
      },
      {
        "costOfGoodsSold": 177.7,
        "depreciationAmortization": 121.4,
        "dilutedAverageSharesOutstanding": 174.5,
        "dilutedEPS": 3.04,
        "ebit": 387,
        "gainLossOnDispositionOfAssets": 36.1,
        "grossIncome": 520,
        "interestExpense": 7.953,
        "interestIncomeExpense": 16.1,
        "minorityInterest": -1.7,
        "netIncome": 530.1,
        "netIncomeAfterTaxes": 587.9,
        "nonRecurringItems": 148.8,
        "period": "2018-12-31",
        "pretaxIncome": 587.9,
        "revenue": 697.7,
        "sgaExpense": 11.6,
        "totalOperatingExpense": 133
      },
      {
        "costOfGoodsSold": 195.5,
        "depreciationAmortization": 124.5,
        "dilutedAverageSharesOutstanding": 174.3,
        "dilutedEPS": 1.85,
        "ebit": 360.4,
        "gainLossOnDispositionOfAssets": 1.4,
        "grossIncome": 510.8,
        "interestExpense": 8.094,
        "interestIncomeExpense": 19.3,
        "minorityInterest": -1.6,
        "netIncome": 322.7,
        "netIncomeAfterTaxes": 379.6,
        "nonRecurringItems": -1.5,
        "period": "2018-09-30",
        "pretaxIncome": 379.6,
        "revenue": 706.4,
        "sgaExpense": 26,
        "totalOperatingExpense": 150.5
      },
      {
        "costOfGoodsSold": 191,
        "depreciationAmortization": 119.8,
        "dilutedAverageSharesOutstanding": 174.2,
        "dilutedEPS": 2,
        "ebit": 345.6,
        "gainLossOnDispositionOfAssets": 0,
        "grossIncome": 494.6,
        "interestExpense": 8.388,
        "interestIncomeExpense": 61.8,
        "minorityInterest": -1.5,
        "netIncome": 348.3,
        "netIncomeAfterTaxes": 405.3,
        "nonRecurringItems": -2.2,
        "period": "2018-06-30",
        "pretaxIncome": 405.3,
        "revenue": 685.5,
        "sgaExpense": 29.1,
        "totalOperatingExpense": 148.9
      },
      {
        "costOfGoodsSold": 192.8,
        "depreciationAmortization": 118,
        "dilutedAverageSharesOutstanding": 174.1,
        "dilutedEPS": 1.65,
        "ebit": 329.3,
        "gainLossOnDispositionOfAssets": 0.4,
        "grossIncome": 477.1,
        "interestExpense": 8.107,
        "interestIncomeExpense": 16.4,
        "minorityInterest": -1.4,
        "netIncome": 287.8,
        "netIncomeAfterTaxes": 344.4,
        "nonRecurringItems": -1.7,
        "period": "2018-03-31",
        "pretaxIncome": 344.4,
        "revenue": 669.9,
        "sgaExpense": 29.8,
        "totalOperatingExpense": 147.8
      },
      {
        "costOfGoodsSold": 151.9,
        "depreciationAmortization": 120.1,
        "dilutedAverageSharesOutstanding": 174.2,
        "dilutedEPS": 1.92,
        "ebit": 381.6,
        "gainLossOnDispositionOfAssets": 0.4,
        "grossIncome": 520.4,
        "interestExpense": 8.137,
        "interestIncomeExpense": 10.7,
        "minorityInterest": -1.6,
        "netIncome": 334.1,
        "netIncomeAfterTaxes": 391,
        "nonRecurringItems": -1.8,
        "period": "2017-12-31",
        "pretaxIncome": 391,
        "revenue": 672.3,
        "sgaExpense": 18.7,
        "totalOperatingExpense": 138.8,
        "totalOtherIncomeExpenseNet": 0
      },
      {
        "costOfGoodsSold": 190.6,
        "depreciationAmortization": 113.3,
        "dilutedAverageSharesOutstanding": 174.2,
        "dilutedEPS": 1.61,
        "ebit": 361.6,
        "gainLossOnDispositionOfAssets": 0,
        "grossIncome": 495.7,
        "interestExpense": 2.389,
        "interestIncomeExpense": 6,
        "minorityInterest": -1.6,
        "netIncome": 279.7,
        "netIncomeAfterTaxes": 358.3,
        "nonRecurringItems": -1.5,
        "period": "2017-09-30",
        "pretaxIncome": 358.3,
        "revenue": 686.4,
        "sgaExpense": 20.8,
        "totalOperatingExpense": 134.2,
        "totalOtherIncomeExpenseNet": -7.8
      },
      {
        "costOfGoodsSold": 182.6,
        "depreciationAmortization": 110.2,
        "dilutedAverageSharesOutstanding": 174.1,
        "dilutedEPS": 1.59,
        "ebit": 358.3,
        "gainLossOnDispositionOfAssets": 1,
        "grossIncome": 481.7,
        "interestExpense": 1.116,
        "interestIncomeExpense": -2.3,
        "minorityInterest": -1.5,
        "netIncome": 276.7,
        "netIncomeAfterTaxes": 355.2,
        "nonRecurringItems": -1.7,
        "period": "2017-06-30",
        "pretaxIncome": 355.2,
        "revenue": 664.3,
        "sgaExpense": 13.3,
        "totalOperatingExpense": 123.4
      },
      {
        "costOfGoodsSold": 182.9,
        "depreciationAmortization": 110.9,
        "dilutedAverageSharesOutstanding": 174.1,
        "dilutedEPS": 1.62,
        "ebit": 328.6,
        "gainLossOnDispositionOfAssets": 0,
        "grossIncome": 462.6,
        "interestExpense": 1.048,
        "interestIncomeExpense": 17.3,
        "minorityInterest": -1.6,
        "netIncome": 281.1,
        "netIncomeAfterTaxes": 344,
        "nonRecurringItems": -1.9,
        "period": "2017-03-31",
        "pretaxIncome": 344,
        "revenue": 645.5,
        "sgaExpense": 23.1,
        "totalOperatingExpense": 134.1
      },
      {
        "costOfGoodsSold": 145.2,
        "depreciationAmortization": 111.7,
        "dilutedAverageSharesOutstanding": 173.8,
        "dilutedEPS": 2.03,
        "ebit": 375.8,
        "gainLossOnDispositionOfAssets": 0,
        "grossIncome": 506.3,
        "interestExpense": 0.9,
        "interestIncomeExpense": 41.3,
        "minorityInterest": -1.9,
        "netIncome": 352.8,
        "netIncomeAfterTaxes": 415.7,
        "nonRecurringItems": -1.4,
        "period": "2016-12-31",
        "pretaxIncome": 415.7,
        "revenue": 651.4,
        "sgaExpense": 18.7,
        "totalOperatingExpense": 130.5
      },
      {
        "costOfGoodsSold": 178.6,
        "depreciationAmortization": 109.4,
        "dilutedAverageSharesOutstanding": 173.8,
        "dilutedEPS": 1.78,
        "ebit": 355,
        "gainLossOnDispositionOfAssets": 0,
        "grossIncome": 484.5,
        "interestExpense": 1.221,
        "interestIncomeExpense": 16.1,
        "minorityInterest": -1.7,
        "netIncome": 309,
        "netIncomeAfterTaxes": 369.1,
        "nonRecurringItems": -2.1,
        "period": "2016-09-30",
        "pretaxIncome": 369.1,
        "revenue": 663.1,
        "sgaExpense": 20.1,
        "totalOperatingExpense": 129.5
      },
      {
        "costOfGoodsSold": 172,
        "depreciationAmortization": 107,
        "dilutedAverageSharesOutstanding": 174,
        "dilutedEPS": 1.61,
        "ebit": 337.9,
        "gainLossOnDispositionOfAssets": 0,
        "grossIncome": 462.2,
        "interestExpense": 1.378,
        "interestIncomeExpense": 21.5,
        "minorityInterest": -1.7,
        "netIncome": 280.8,
        "netIncomeAfterTaxes": 358.4,
        "nonRecurringItems": -1,
        "period": "2016-06-30",
        "pretaxIncome": 358.4,
        "revenue": 634.2,
        "sgaExpense": 17.3,
        "totalOperatingExpense": 124.3
      },
      {
        "costOfGoodsSold": 173.3,
        "depreciationAmortization": 105.1,
        "dilutedAverageSharesOutstanding": 173.9,
        "dilutedEPS": 1.39,
        "ebit": 313.1,
        "gainLossOnDispositionOfAssets": 0.7,
        "grossIncome": 438.5,
        "interestExpense": 0.711,
        "interestIncomeExpense": 6.3,
        "minorityInterest": -1.5,
        "netIncome": 241.3,
        "netIncomeAfterTaxes": 317.3,
        "nonRecurringItems": -2.8,
        "period": "2016-03-31",
        "pretaxIncome": 317.3,
        "revenue": 611.8,
        "sgaExpense": 20.3,
        "totalOperatingExpense": 125.4
      },
      {
        "costOfGoodsSold": 137.7,
        "depreciationAmortization": 106.3,
        "dilutedAverageSharesOutstanding": 173.8,
        "dilutedEPS": 1.74,
        "ebit": 348.9,
        "gainLossOnDispositionOfAssets": 0,
        "grossIncome": 471.6,
        "interestExpense": 0.61,
        "interestIncomeExpense": 19.4,
        "minorityInterest": -1.8,
        "netIncome": 303,
        "netIncomeAfterTaxes": 365.3,
        "nonRecurringItems": -3,
        "period": "2015-12-31",
        "pretaxIncome": 365.3,
        "revenue": 609.3,
        "sgaExpense": 16.4,
        "totalOperatingExpense": 122.8
      },
      {
        "costOfGoodsSold": 164.7,
        "depreciationAmortization": 106.1,
        "dilutedAverageSharesOutstanding": 173.5,
        "dilutedEPS": 1.58,
        "ebit": 330.9,
        "gainLossOnDispositionOfAssets": 0.3,
        "grossIncome": 454.2,
        "interestIncomeExpense": 16.3,
        "minorityInterest": -1.6,
        "netIncome": 273.5,
        "netIncomeAfterTaxes": 341.1,
        "nonRecurringItems": -6.4,
        "period": "2015-09-30",
        "pretaxIncome": 341.1,
        "revenue": 618.9,
        "sgaExpense": 17.2,
        "totalOperatingExpense": 123.2
      }
    ],
    "symbol": "PSA"
  }
}