{
  "symbol": "TXN",
  "statement": "ic",
  "frequency": "quarterly",
  "timestamp": "2025-09-19T14:07:27.249169",
  "data": {
    "financials": [
      {
        "costOfGoodsSold": 1873,
        "dilutedAverageSharesOutstanding": 912,
        "dilutedEPS": 1.41,
        "ebit": 1563,
        "grossIncome": 2575,
        "interestExpense": 133,
        "interestIncomeExpense": -133,
        "netIncome": 1288,
        "netIncomeAfterTaxes": 1295,
        "period": "2025-06-30",
        "pretaxIncome": 1478,
        "provisionforIncomeTaxes": 183,
        "researchDevelopment": 527,
        "revenue": 4448,
        "sgaExpense": 485,
        "totalOperatingExpense": 1012,
        "totalOtherIncomeExpenseNet": 48
      },
      {
        "costOfGoodsSold": 1756,
        "dilutedAverageSharesOutstanding": 916,
        "dilutedEPS": 1.28,
        "ebit": 1324,
        "grossIncome": 2313,
        "interestExpense": 128,
        "interestIncomeExpense": -128,
        "netIncome": 1173,
        "netIncomeAfterTaxes": 1179,
        "nonRecurringItems": 0,
        "period": "2025-03-31",
        "pretaxIncome": 1276,
        "provisionforIncomeTaxes": 97,
        "researchDevelopment": 517,
        "revenue": 4069,
        "sgaExpense": 472,
        "totalOperatingExpense": 989,
        "totalOtherIncomeExpenseNet": 80
      },
      {
        "costOfGoodsSold": 1693,
        "dilutedAverageSharesOutstanding": 919,
        "dilutedEPS": 1.3,
        "ebit": 1377,
        "grossIncome": 2314,
        "interestExpense": 130,
        "interestIncomeExpense": -130,
        "netIncome": 1199,
        "netIncomeAfterTaxes": 1205,
        "nonRecurringItems": 0,
        "period": "2024-12-31",
        "pretaxIncome": 1359,
        "provisionforIncomeTaxes": 154,
        "researchDevelopment": 491,
        "revenue": 4007,
        "sgaExpense": 446,
        "totalOperatingExpense": 937,
        "totalOtherIncomeExpenseNet": 112
      },
      {
        "costOfGoodsSold": 1677,
        "dilutedAverageSharesOutstanding": 920,
        "dilutedEPS": 1.47,
        "ebit": 1554,
        "grossIncome": 2474,
        "interestExpense": 131,
        "interestIncomeExpense": -131,
        "netIncome": 1355,
        "netIncomeAfterTaxes": 1362,
        "nonRecurringItems": 0,
        "period": "2024-09-30",
        "pretaxIncome": 1554,
        "provisionforIncomeTaxes": 192,
        "researchDevelopment": 492,
        "revenue": 4151,
        "sgaExpense": 428,
        "totalOperatingExpense": 920,
        "totalOtherIncomeExpenseNet": 131
      },
      {
        "costOfGoodsSold": 1611,
        "dilutedAverageSharesOutstanding": 919,
        "dilutedEPS": 1.22,
        "ebit": 1248,
        "grossIncome": 2211,
        "interestExpense": 131,
        "interestIncomeExpense": -131,
        "netIncome": 1121,
        "netIncomeAfterTaxes": 1127,
        "nonRecurringItems": 0,
        "period": "2024-06-30",
        "pretaxIncome": 1247,
        "provisionforIncomeTaxes": 120,
        "researchDevelopment": 498,
        "revenue": 3822,
        "sgaExpense": 465,
        "totalOperatingExpense": 963,
        "totalOtherIncomeExpenseNet": 130
      },
      {
        "costOfGoodsSold": 1566,
        "dilutedAverageSharesOutstanding": 917,
        "dilutedEPS": 1.2,
        "ebit": 1162,
        "grossIncome": 2095,
        "interestExpense": 116,
        "interestIncomeExpense": -116,
        "netIncome": 1100,
        "netIncomeAfterTaxes": 1105,
        "nonRecurringItems": 124,
        "period": "2024-03-31",
        "pretaxIncome": 1293,
        "provisionforIncomeTaxes": 188,
        "researchDevelopment": 478,
        "revenue": 3661,
        "sgaExpense": 455,
        "totalOperatingExpense": 933,
        "totalOtherIncomeExpenseNet": 123
      },
      {
        "costOfGoodsSold": 1646,
        "dilutedAverageSharesOutstanding": 916,
        "dilutedEPS": 1.49,
        "ebit": 1533,
        "grossIncome": 2431,
        "interestExpense": 98,
        "interestIncomeExpense": -98,
        "netIncome": 1364,
        "netIncomeAfterTaxes": 1371,
        "nonRecurringItems": 0,
        "period": "2023-12-31",
        "pretaxIncome": 1548,
        "provisionforIncomeTaxes": 177,
        "researchDevelopment": 460,
        "revenue": 4077,
        "sgaExpense": 438,
        "totalOperatingExpense": 898,
        "totalOtherIncomeExpenseNet": 113
      },
      {
        "costOfGoodsSold": 1717,
        "dilutedAverageSharesOutstanding": 916,
        "dilutedEPS": 1.85,
        "ebit": 1892,
        "grossIncome": 2815,
        "interestExpense": 98,
        "interestIncomeExpense": -98,
        "netIncome": 1699,
        "netIncomeAfterTaxes": 1709,
        "nonRecurringItems": 0,
        "period": "2023-09-30",
        "pretaxIncome": 1922,
        "provisionforIncomeTaxes": 213,
        "researchDevelopment": 471,
        "revenue": 4532,
        "sgaExpense": 452,
        "totalOperatingExpense": 923,
        "totalOtherIncomeExpenseNet": 128
      },
      {
        "costOfGoodsSold": 1621,
        "dilutedAverageSharesOutstanding": 916,
        "dilutedEPS": 1.87,
        "ebit": 1972,
        "grossIncome": 2910,
        "interestExpense": 89,
        "interestIncomeExpense": -89,
        "netIncome": 1713,
        "netIncomeAfterTaxes": 1722,
        "nonRecurringItems": 0,
        "period": "2023-06-30",
        "pretaxIncome": 2002,
        "provisionforIncomeTaxes": 280,
        "researchDevelopment": 477,
        "revenue": 4531,
        "sgaExpense": 461,
        "totalOperatingExpense": 938,
        "totalOtherIncomeExpenseNet": 119
      },
      {
        "costOfGoodsSold": 1516,
        "dilutedAverageSharesOutstanding": 916,
        "dilutedEPS": 1.85,
        "ebit": 1934,
        "grossIncome": 2863,
        "interestExpense": 68,
        "interestIncomeExpense": -68,
        "netIncome": 1699,
        "netIncomeAfterTaxes": 1708,
        "nonRecurringItems": 0,
        "period": "2023-03-31",
        "pretaxIncome": 1946,
        "provisionforIncomeTaxes": 238,
        "researchDevelopment": 455,
        "revenue": 4379,
        "sgaExpense": 474,
        "totalOperatingExpense": 929,
        "totalOtherIncomeExpenseNet": 80
      },
      {
        "costOfGoodsSold": 1583,
        "depreciationAmortization": 0,
        "dilutedAverageSharesOutstanding": 917,
        "dilutedEPS": 2.13,
        "ebit": 2224,
        "grossIncome": 3087,
        "interestExpense": 60,
        "interestIncomeExpense": -60,
        "netIncome": 1953,
        "netIncomeAfterTaxes": 1962,
        "nonRecurringItems": -48,
        "period": "2022-12-31",
        "pretaxIncome": 2167,
        "provisionforIncomeTaxes": 205,
        "researchDevelopment": 434,
        "revenue": 4670,
        "sgaExpense": 429,
        "totalOperatingExpense": 863,
        "totalOtherIncomeExpenseNet": 51
      },
      {
        "costOfGoodsSold": 1624,
        "depreciationAmortization": 0,
        "dilutedAverageSharesOutstanding": 923,
        "dilutedEPS": 2.47,
        "ebit": 2755,
        "grossIncome": 3617,
        "interestExpense": 53,
        "interestIncomeExpense": -53,
        "netIncome": 2284,
        "netIncomeAfterTaxes": 2295,
        "nonRecurringItems": -77,
        "period": "2022-09-30",
        "pretaxIncome": 2658,
        "provisionforIncomeTaxes": 363,
        "researchDevelopment": 431,
        "revenue": 5241,
        "sgaExpense": 431,
        "totalOperatingExpense": 862,
        "totalOtherIncomeExpenseNet": 33
      },
      {
        "costOfGoodsSold": 1587,
        "depreciationAmortization": 0,
        "dilutedAverageSharesOutstanding": 930,
        "dilutedEPS": 2.45,
        "ebit": 2789,
        "grossIncome": 3625,
        "interestExpense": 49,
        "interestIncomeExpense": -49,
        "netIncome": 2281,
        "netIncomeAfterTaxes": 2291,
        "nonRecurringItems": -66,
        "period": "2022-06-30",
        "pretaxIncome": 2681,
        "provisionforIncomeTaxes": 390,
        "researchDevelopment": 414,
        "revenue": 5212,
        "sgaExpense": 422,
        "totalOperatingExpense": 836,
        "totalOtherIncomeExpenseNet": 7
      },
      {
        "costOfGoodsSold": 1463,
        "depreciationAmortization": 0,
        "dilutedAverageSharesOutstanding": 934,
        "dilutedEPS": 2.35,
        "ebit": 2629,
        "grossIncome": 3442,
        "interestExpense": 52,
        "interestIncomeExpense": -52,
        "netIncome": 2192,
        "netIncomeAfterTaxes": 2201,
        "nonRecurringItems": -66,
        "period": "2022-03-31",
        "pretaxIncome": 2526,
        "provisionforIncomeTaxes": 325,
        "researchDevelopment": 391,
        "revenue": 4905,
        "sgaExpense": 422,
        "totalOperatingExpense": 813,
        "totalOtherIncomeExpenseNet": 15
      },
      {
        "costOfGoodsSold": 1482,
        "depreciationAmortization": 0,
        "dilutedAverageSharesOutstanding": 936,
        "dilutedEPS": 2.27,
        "ebit": 2557,
        "grossIncome": 3350,
        "interestExpense": 49,
        "interestIncomeExpense": -49,
        "netIncome": 2129,
        "netIncomeAfterTaxes": 2138,
        "nonRecurringItems": -54,
        "period": "2021-12-31",
        "pretaxIncome": 2463,
        "provisionforIncomeTaxes": 325,
        "researchDevelopment": 389,
        "revenue": 4832,
        "sgaExpense": 404,
        "totalOperatingExpense": 793,
        "totalOtherIncomeExpenseNet": 9
      },
      {
        "costOfGoodsSold": 1491,
        "depreciationAmortization": 47,
        "dilutedAverageSharesOutstanding": 936,
        "dilutedEPS": 2.07,
        "ebit": 2305,
        "grossIncome": 3152,
        "interestExpense": 45,
        "interestIncomeExpense": -45,
        "netIncome": 1938,
        "netIncomeAfterTaxes": 1947,
        "nonRecurringItems": 0,
        "period": "2021-09-30",
        "pretaxIncome": 2275,
        "provisionforIncomeTaxes": 328,
        "researchDevelopment": 388,
        "revenue": 4643,
        "sgaExpense": 412,
        "totalOperatingExpense": 847,
        "totalOtherIncomeExpenseNet": 15
      },
      {
        "costOfGoodsSold": 1503,
        "depreciationAmortization": 48,
        "dilutedAverageSharesOutstanding": 937,
        "dilutedEPS": 2.05,
        "ebit": 2213,
        "grossIncome": 3077,
        "interestExpense": 44,
        "interestIncomeExpense": -44,
        "netIncome": 1924,
        "netIncomeAfterTaxes": 1931,
        "nonRecurringItems": 0,
        "period": "2021-06-30",
        "pretaxIncome": 2242,
        "provisionforIncomeTaxes": 311,
        "researchDevelopment": 391,
        "revenue": 4580,
        "sgaExpense": 425,
        "totalOperatingExpense": 864,
        "totalOtherIncomeExpenseNet": 73
      },
      {
        "costOfGoodsSold": 1492,
        "depreciationAmortization": 47,
        "dilutedAverageSharesOutstanding": 935,
        "dilutedEPS": 1.87,
        "ebit": 1939,
        "grossIncome": 2797,
        "interestExpense": 46,
        "interestIncomeExpense": -46,
        "netIncome": 1745,
        "netIncomeAfterTaxes": 1753,
        "period": "2021-03-31",
        "pretaxIncome": 1939,
        "provisionforIncomeTaxes": 186,
        "researchDevelopment": 386,
        "revenue": 4289,
        "sgaExpense": 425,
        "totalOperatingExpense": 858,
        "totalOtherIncomeExpenseNet": 46
      },
      {
        "costOfGoodsSold": 1430,
        "depreciationAmortization": 47,
        "dilutedAverageSharesOutstanding": 933,
        "dilutedEPS": 1.8,
        "ebit": 1813,
        "grossIncome": 2646,
        "interestExpense": 48,
        "interestIncomeExpense": -48,
        "netIncome": 1680,
        "netIncomeAfterTaxes": 1688,
        "nonRecurringItems": 0,
        "period": "2020-12-31",
        "pretaxIncome": 1927,
        "provisionforIncomeTaxes": 239,
        "researchDevelopment": 388,
        "revenue": 4076,
        "sgaExpense": 398,
        "totalOperatingExpense": 833,
        "totalOtherIncomeExpenseNet": 162
      },
      {
        "costOfGoodsSold": 1364,
        "depreciationAmortization": 51,
        "dilutedAverageSharesOutstanding": 929,
        "dilutedEPS": 1.45,
        "ebit": 1609,
        "grossIncome": 2453,
        "interestExpense": 49,
        "interestIncomeExpense": -49,
        "netIncome": 1347,
        "netIncomeAfterTaxes": 1353,
        "nonRecurringItems": 0,
        "period": "2020-09-30",
        "pretaxIncome": 1587,
        "provisionforIncomeTaxes": 234,
        "researchDevelopment": 386,
        "revenue": 3817,
        "sgaExpense": 407,
        "totalOperatingExpense": 844,
        "totalOtherIncomeExpenseNet": 27
      },
      {
        "costOfGoodsSold": 1157,
        "depreciationAmortization": 50,
        "dilutedAverageSharesOutstanding": 927,
        "dilutedEPS": 1.48,
        "ebit": 1252,
        "grossIncome": 2082,
        "interestExpense": 48,
        "interestIncomeExpense": -48,
        "netIncome": 1373,
        "netIncomeAfterTaxes": 1380,
        "nonRecurringItems": -24,
        "period": "2020-06-30",
        "pretaxIncome": 1279,
        "provisionforIncomeTaxes": -101,
        "researchDevelopment": 379,
        "revenue": 3239,
        "sgaExpense": 401,
        "totalOperatingExpense": 830,
        "totalOtherIncomeExpenseNet": 99
      },
      {
        "costOfGoodsSold": 1241,
        "depreciationAmortization": 50,
        "dilutedAverageSharesOutstanding": 943,
        "dilutedEPS": 1.24,
        "ebit": 1244,
        "grossIncome": 2088,
        "interestExpense": 45,
        "interestIncomeExpense": -45,
        "netIncome": 1168,
        "netIncomeAfterTaxes": 1174,
        "period": "2020-03-31",
        "pretaxIncome": 1224,
        "provisionforIncomeTaxes": 50,
        "researchDevelopment": 377,
        "revenue": 3329,
        "sgaExpense": 417,
        "totalOperatingExpense": 844,
        "totalOtherIncomeExpenseNet": 25
      },
      {
        "costOfGoodsSold": 1253,
        "depreciationAmortization": 50,
        "dilutedAverageSharesOutstanding": 949,
        "dilutedEPS": 1.12,
        "ebit": 1249,
        "grossIncome": 2097,
        "interestExpense": 45,
        "interestIncomeExpense": -45,
        "netIncome": 1064,
        "netIncomeAfterTaxes": 1070,
        "nonRecurringItems": 0,
        "period": "2019-12-31",
        "pretaxIncome": 1257,
        "provisionforIncomeTaxes": 187,
        "researchDevelopment": 386,
        "revenue": 3350,
        "sgaExpense": 412,
        "totalOperatingExpense": 848,
        "totalOtherIncomeExpenseNet": 53
      },
      {
        "costOfGoodsSold": 1325,
        "depreciationAmortization": 79,
        "dilutedAverageSharesOutstanding": 950.043,
        "dilutedEPS": 1.49,
        "ebit": 1589,
        "grossIncome": 2446,
        "interestExpense": 43,
        "interestIncomeExpense": -43,
        "netIncome": 1417,
        "netIncomeAfterTaxes": 1425,
        "nonRecurringItems": 0,
        "period": "2019-09-30",
        "pretaxIncome": 1580,
        "provisionforIncomeTaxes": 155,
        "researchDevelopment": 379,
        "revenue": 3771,
        "sgaExpense": 399,
        "totalOperatingExpense": 857,
        "totalOtherIncomeExpenseNet": 34
      },
      {
        "costOfGoodsSold": 1308,
        "depreciationAmortization": 80,
        "dilutedAverageSharesOutstanding": 953.043,
        "dilutedEPS": 1.36,
        "ebit": 1470,
        "grossIncome": 2360,
        "interestExpense": 44,
        "interestIncomeExpense": -44,
        "netIncome": 1297,
        "netIncomeAfterTaxes": 1305,
        "nonRecurringItems": 36,
        "period": "2019-06-30",
        "pretaxIncome": 1514,
        "provisionforIncomeTaxes": 209,
        "researchDevelopment": 390,
        "revenue": 3668,
        "sgaExpense": 420,
        "totalOperatingExpense": 890,
        "totalOtherIncomeExpenseNet": 52
      },
      {
        "costOfGoodsSold": 1333,
        "depreciationAmortization": 79,
        "dilutedAverageSharesOutstanding": 956.043,
        "dilutedEPS": 1.26,
        "ebit": 1379,
        "grossIncome": 2261,
        "interestExpense": 38,
        "interestIncomeExpense": -38,
        "netIncome": 1209,
        "netIncomeAfterTaxes": 1217,
        "nonRecurringItems": 0,
        "period": "2019-03-31",
        "pretaxIncome": 1377,
        "provisionforIncomeTaxes": 160,
        "researchDevelopment": 389,
        "revenue": 3594,
        "sgaExpense": 414,
        "totalOperatingExpense": 882,
        "totalOtherIncomeExpenseNet": 36
      },
      {
        "costOfGoodsSold": 1310,
        "depreciationAmortization": 79,
        "dilutedAverageSharesOutstanding": 969,
        "dilutedEPS": 1.27,
        "ebit": 1514,
        "grossIncome": 2407,
        "interestExpense": 36,
        "interestIncomeExpense": -36,
        "netIncome": 1231,
        "netIncomeAfterTaxes": 1239,
        "nonRecurringItems": 2,
        "period": "2018-12-31",
        "pretaxIncome": 1503,
        "provisionforIncomeTaxes": 264,
        "researchDevelopment": 400,
        "revenue": 3717,
        "sgaExpense": 414,
        "totalOperatingExpense": 893,
        "totalOtherIncomeExpenseNet": 23
      },
      {
        "costOfGoodsSold": 1457,
        "depreciationAmortization": 80,
        "dilutedAverageSharesOutstanding": 989,
        "dilutedEPS": 1.59,
        "ebit": 1938,
        "grossIncome": 2804,
        "interestExpense": 36,
        "interestIncomeExpense": -36,
        "netIncome": 1558,
        "netIncomeAfterTaxes": 1580,
        "nonRecurringItems": -1,
        "period": "2018-09-30",
        "pretaxIncome": 1924,
        "provisionforIncomeTaxes": 344,
        "researchDevelopment": 390,
        "revenue": 4261,
        "sgaExpense": 396,
        "totalOperatingExpense": 866,
        "totalOtherIncomeExpenseNet": 23
      },
      {
        "costOfGoodsSold": 1398,
        "depreciationAmortization": 79,
        "dilutedAverageSharesOutstanding": 997,
        "dilutedEPS": 1.39,
        "ebit": 1715,
        "grossIncome": 2619,
        "interestExpense": 30,
        "interestIncomeExpense": -30,
        "netIncome": 1394,
        "netIncomeAfterTaxes": 1396,
        "nonRecurringItems": -3,
        "period": "2018-06-30",
        "pretaxIncome": 1706,
        "provisionforIncomeTaxes": 310,
        "researchDevelopment": 384,
        "revenue": 4017,
        "sgaExpense": 441,
        "totalOperatingExpense": 904,
        "totalOtherIncomeExpenseNet": 24
      },
      {
        "costOfGoodsSold": 1342,
        "depreciationAmortization": 80,
        "dilutedAverageSharesOutstanding": 1005.046,
        "dilutedEPS": 1.34,
        "ebit": 1549,
        "grossIncome": 2447,
        "interestExpense": 23,
        "interestIncomeExpense": -23,
        "netIncome": 1355,
        "netIncomeAfterTaxes": 1321,
        "nonRecurringItems": -1,
        "period": "2018-03-31",
        "pretaxIncome": 1553,
        "provisionforIncomeTaxes": 232,
        "researchDevelopment": 385,
        "revenue": 3789,
        "sgaExpense": 433,
        "totalOperatingExpense": 898,
        "totalOtherIncomeExpenseNet": 28
      },
      {
        "costOfGoodsSold": 1310,
        "depreciationAmortization": 79,
        "dilutedAverageSharesOutstanding": 1006.046,
        "dilutedEPS": 0.33,
        "ebit": 1566,
        "grossIncome": 2440,
        "interestExpense": 21,
        "interestIncomeExpense": -21,
        "netIncome": 342,
        "netIncomeAfterTaxes": 403,
        "nonRecurringItems": -3,
        "period": "2017-12-31",
        "pretaxIncome": 1550,
        "provisionforIncomeTaxes": 1147,
        "researchDevelopment": 386,
        "revenue": 3750,
        "sgaExpense": 409,
        "totalOperatingExpense": 874,
        "totalOtherIncomeExpenseNet": 8
      },
      {
        "costOfGoodsSold": 1460,
        "depreciationAmortization": 80,
        "dilutedAverageSharesOutstanding": 1008.046,
        "dilutedEPS": 1.26,
        "ebit": 1789,
        "grossIncome": 2656,
        "interestExpense": 19,
        "interestIncomeExpense": -19,
        "netIncome": 1274,
        "netIncomeAfterTaxes": 1285,
        "nonRecurringItems": -1,
        "period": "2017-09-30",
        "pretaxIncome": 1789,
        "provisionforIncomeTaxes": 504,
        "researchDevelopment": 375,
        "revenue": 4116,
        "sgaExpense": 412,
        "totalOperatingExpense": 867,
        "totalOtherIncomeExpenseNet": 20
      },
      {
        "costOfGoodsSold": 1319,
        "depreciationAmortization": 79,
        "dilutedAverageSharesOutstanding": 1015.046,
        "dilutedEPS": 1.03,
        "ebit": 1483,
        "grossIncome": 2374,
        "interestExpense": 20,
        "interestIncomeExpense": -20,
        "netIncome": 1046,
        "netIncomeAfterTaxes": 1056,
        "nonRecurringItems": -3,
        "period": "2017-06-30",
        "pretaxIncome": 1486,
        "provisionforIncomeTaxes": 430,
        "researchDevelopment": 378,
        "revenue": 3693,
        "sgaExpense": 434,
        "totalOperatingExpense": 891,
        "totalOtherIncomeExpenseNet": 26
      },
      {
        "costOfGoodsSold": 1258,
        "depreciationAmortization": 80,
        "dilutedAverageSharesOutstanding": 1019.046,
        "dilutedEPS": 0.97,
        "ebit": 1256,
        "grossIncome": 2144,
        "interestExpense": 18,
        "interestIncomeExpense": -18,
        "netIncome": 987,
        "netIncomeAfterTaxes": 997,
        "nonRecurringItems": -4,
        "period": "2017-03-31",
        "pretaxIncome": 1255,
        "provisionforIncomeTaxes": 258,
        "researchDevelopment": 369,
        "revenue": 3402,
        "sgaExpense": 439,
        "totalOperatingExpense": 888,
        "totalOtherIncomeExpenseNet": 21
      },
      {
        "costOfGoodsSold": 1277,
        "depreciationAmortization": 80,
        "dilutedAverageSharesOutstanding": 1018.046,
        "dilutedEPS": 1.02,
        "ebit": 1312,
        "grossIncome": 2137,
        "interestExpense": 19,
        "interestIncomeExpense": -19,
        "netIncome": 1034,
        "netIncomeAfterTaxes": 1047,
        "nonRecurringItems": 20,
        "period": "2016-12-31",
        "pretaxIncome": 1497,
        "provisionforIncomeTaxes": 450,
        "researchDevelopment": 340,
        "revenue": 3414,
        "sgaExpense": 405,
        "totalOperatingExpense": 825,
        "totalOtherIncomeExpenseNet": 184
      },
      {
        "costOfGoodsSold": 1391,
        "depreciationAmortization": 80,
        "dilutedAverageSharesOutstanding": 1023.046,
        "dilutedEPS": 0.98,
        "ebit": 1409,
        "grossIncome": 2284,
        "interestExpense": 18,
        "interestIncomeExpense": -18,
        "netIncome": 1007,
        "netIncomeAfterTaxes": 1018,
        "nonRecurringItems": -1,
        "period": "2016-09-30",
        "pretaxIncome": 1381,
        "provisionforIncomeTaxes": 363,
        "researchDevelopment": 353,
        "revenue": 3675,
        "sgaExpense": 442,
        "totalOperatingExpense": 875,
        "totalOtherIncomeExpenseNet": -9
      },
      {
        "costOfGoodsSold": 1266,
        "depreciationAmortization": 79,
        "dilutedAverageSharesOutstanding": 1020.046,
        "dilutedEPS": 0.79,
        "ebit": 1133,
        "grossIncome": 2007,
        "interestExpense": 21,
        "interestIncomeExpense": -21,
        "netIncome": 809,
        "netIncomeAfterTaxes": 819,
        "nonRecurringItems": -2,
        "period": "2016-06-30",
        "pretaxIncome": 1102,
        "provisionforIncomeTaxes": 283,
        "researchDevelopment": 341,
        "revenue": 3273,
        "sgaExpense": 454,
        "totalOperatingExpense": 874,
        "totalOtherIncomeExpenseNet": -8
      },
      {
        "costOfGoodsSold": 1179,
        "depreciationAmortization": 80,
        "dilutedAverageSharesOutstanding": 1022.046,
        "dilutedEPS": 0.69,
        "ebit": 986,
        "grossIncome": 1829,
        "interestExpense": 22,
        "interestIncomeExpense": -22,
        "netIncome": 702,
        "netIncomeAfterTaxes": 711,
        "nonRecurringItems": -2,
        "period": "2016-03-31",
        "pretaxIncome": 950,
        "provisionforIncomeTaxes": 239,
        "researchDevelopment": 322,
        "revenue": 3008,
        "sgaExpense": 441,
        "totalOperatingExpense": 843,
        "totalOtherIncomeExpenseNet": -12
      },
      {
        "costOfGoodsSold": 1308,
        "depreciationAmortization": 81,
        "dilutedAverageSharesOutstanding": 1025.046,
        "dilutedEPS": 0.8,
        "ebit": 1122,
        "grossIncome": 1881,
        "interestExpense": 22,
        "interestIncomeExpense": -22,
        "netIncome": 824,
        "netIncomeAfterTaxes": 836,
        "nonRecurringItems": 68,
        "period": "2015-12-31",
        "pretaxIncome": 1139,
        "provisionforIncomeTaxes": 303,
        "researchDevelopment": 293,
        "revenue": 3189,
        "sgaExpense": 385,
        "totalOperatingExpense": 759,
        "totalOtherIncomeExpenseNet": -29
      },
      {
        "costOfGoodsSold": 1432,
        "depreciationAmortization": 80,
        "dilutedAverageSharesOutstanding": 1035.047,
        "dilutedEPS": 0.76,
        "ebit": 1167,
        "grossIncome": 1997,
        "interestExpense": 22,
        "interestIncomeExpense": -22,
        "netIncome": 787,
        "netIncomeAfterTaxes": 798,
        "nonRecurringItems": -3,
        "period": "2015-09-30",
        "pretaxIncome": 1148,
        "provisionforIncomeTaxes": 350,
        "researchDevelopment": 316,
        "revenue": 3429,
        "sgaExpense": 434,
        "totalOperatingExpense": 830,
        "totalOtherIncomeExpenseNet": 6
      }
    ],
    "symbol": "TXN"
  }
}