{
  "symbol": "ALB",
  "statement": "ic",
  "frequency": "quarterly",
  "timestamp": "2025-09-19T13:55:27.770750",
  "data": {
    "financials": [
      {
        "costOfGoodsSold": 1133.116,
        "dilutedAverageSharesOutstanding": 117.665,
        "dilutedEPS": -0.1597,
        "ebit": 47.243,
        "equityEarningsAffiliates": 78.258,
        "grossIncome": 196.876,
        "interestExpense": 49.939,
        "interestIncomeExpense": -49.753,
        "minorityInterest": -12.296,
        "netIncome": -18.79,
        "netIncomeAfterTaxes": -43.065,
        "nonRecurringItems": 0.384,
        "period": "2025-06-30",
        "pretaxIncome": -8.971,
        "provisionforIncomeTaxes": 34.094,
        "researchDevelopment": 12.444,
        "revenue": 1329.992,
        "sgaExpense": 137.189,
        "totalOperatingExpense": 149.633,
        "totalOtherIncomeExpenseNet": -6.845
      },
      {
        "costOfGoodsSold": 920.582,
        "dilutedAverageSharesOutstanding": 117.603,
        "dilutedEPS": -0.0029,
        "ebit": 17.538,
        "equityEarningsAffiliates": 64.286,
        "grossIncome": 156.299,
        "interestExpense": 48.977,
        "interestIncomeExpense": -53.999,
        "minorityInterest": -7.95,
        "netIncome": -0.34,
        "netIncomeAfterTaxes": -14.988,
        "nonRecurringItems": 2.023,
        "period": "2025-03-31",
        "pretaxIncome": -18.966,
        "provisionforIncomeTaxes": -3.978,
        "researchDevelopment": 14.099,
        "revenue": 1076.881,
        "sgaExpense": 124.662,
        "totalOperatingExpense": 138.761,
        "totalOtherIncomeExpenseNet": 15.472
      },
      {
        "costOfGoodsSold": 1093.5,
        "dilutedAverageSharesOutstanding": 117.549,
        "dilutedEPS": 0.2859,
        "ebit": -15.508,
        "equityEarningsAffiliates": 18.997,
        "gainLossOnDispositionOfAssets": 23.6,
        "grossIncome": 138.213,
        "interestExpense": 44.703,
        "interestIncomeExpense": -49.503,
        "minorityInterest": -9.818,
        "netIncome": 33.605,
        "netIncomeAfterTaxes": 66.114,
        "nonRecurringItems": 21.31,
        "period": "2024-12-31",
        "pretaxIncome": 76.727,
        "provisionforIncomeTaxes": 10.613,
        "researchDevelopment": 20.021,
        "revenue": 1231.713,
        "sgaExpense": 133.7,
        "totalOperatingExpense": 153.721,
        "totalOtherIncomeExpenseNet": 96.828
      },
      {
        "costOfGoodsSold": 1458.726,
        "dilutedAverageSharesOutstanding": 117.535,
        "dilutedEPS": -9.4498,
        "ebit": -280.145,
        "equityEarningsAffiliates": 229.058,
        "grossIncome": -104.034,
        "interestExpense": 47.76,
        "interestIncomeExpense": -52.76,
        "minorityInterest": -8.351,
        "netIncome": -1110.679,
        "netIncomeAfterTaxes": -1289.699,
        "nonRecurringItems": -830.685,
        "period": "2024-09-30",
        "pretaxIncome": -1178.846,
        "provisionforIncomeTaxes": 110.853,
        "researchDevelopment": 22.397,
        "revenue": 1354.692,
        "sgaExpense": 153.714,
        "totalOperatingExpense": 176.111,
        "totalOtherIncomeExpenseNet": -15.256
      },
      {
        "costOfGoodsSold": 1440.963,
        "dilutedAverageSharesOutstanding": 117.528,
        "dilutedEPS": -1.956,
        "ebit": -193.615,
        "equityEarningsAffiliates": 286.878,
        "gainLossOnDispositionOfAssets": 0,
        "grossIncome": -10.578,
        "interestExpense": 35.187,
        "interestIncomeExpense": -52.987,
        "minorityInterest": -11.604,
        "netIncome": -229.886,
        "netIncomeAfterTaxes": -463.472,
        "nonRecurringItems": -300.996,
        "period": "2024-06-30",
        "pretaxIncome": -494.132,
        "provisionforIncomeTaxes": -30.66,
        "researchDevelopment": 20.77,
        "revenue": 1430.385,
        "sgaExpense": 162.267,
        "totalOperatingExpense": 183.037,
        "totalOtherIncomeExpenseNet": 53.466
      },
      {
        "costOfGoodsSold": 1320.398,
        "dilutedAverageSharesOutstanding": 117.451,
        "dilutedEPS": -0.0778,
        "ebit": -142.599,
        "equityEarningsAffiliates": 180.5,
        "gainLossOnDispositionOfAssets": 17.3,
        "grossIncome": 40.338,
        "interestExpense": 37.969,
        "interestIncomeExpense": -81.069,
        "minorityInterest": -14.199,
        "netIncome": -9.136,
        "netIncomeAfterTaxes": -163.853,
        "nonRecurringItems": -41.207,
        "period": "2024-03-31",
        "pretaxIncome": -167.574,
        "provisionforIncomeTaxes": -3.721,
        "researchDevelopment": 23.532,
        "revenue": 1360.736,
        "sgaExpense": 159.405,
        "totalOperatingExpense": 182.937,
        "totalOtherIncomeExpenseNet": 80.001
      },
      {
        "costOfGoodsSold": 3049.217,
        "dilutedAverageSharesOutstanding": 117.356,
        "dilutedEPS": -5.2633,
        "ebit": -677.944,
        "equityEarningsAffiliates": 436.537,
        "grossIncome": -693.052,
        "interestExpense": 34.386,
        "interestIncomeExpense": -28.886,
        "minorityInterest": -14.388,
        "netIncome": -617.68,
        "netIncomeAfterTaxes": -1039.829,
        "nonRecurringItems": -161.622,
        "period": "2023-12-31",
        "pretaxIncome": -920.951,
        "provisionforIncomeTaxes": 118.878,
        "researchDevelopment": 22.753,
        "revenue": 2356.165,
        "sgaExpense": -37.861,
        "totalOperatingExpense": -15.108,
        "totalOtherIncomeExpenseNet": -52.499
      },
      {
        "costOfGoodsSold": 2255.7,
        "dilutedAverageSharesOutstanding": 117.8,
        "dilutedEPS": 2.57,
        "ebit": -127.1,
        "equityEarningsAffiliates": 470.3,
        "grossIncome": 54.9,
        "interestExpense": 29.332,
        "interestIncomeExpense": -29.3,
        "minorityInterest": -18.2,
        "netIncome": 302.5,
        "netIncomeAfterTaxes": -149.6,
        "nonRecurringItems": -12.9,
        "period": "2023-09-30",
        "pretaxIncome": -158.2,
        "provisionforIncomeTaxes": -8.6,
        "researchDevelopment": 21.1,
        "revenue": 2310.6,
        "sgaExpense": 160.9,
        "totalOperatingExpense": 182,
        "totalOtherIncomeExpenseNet": 11.2
      },
      {
        "costOfGoodsSold": 1811.7,
        "dilutedAverageSharesOutstanding": 117.8,
        "dilutedEPS": 5.52,
        "ebit": 155.2,
        "equityEarningsAffiliates": 551.1,
        "grossIncome": 558.5,
        "interestExpense": 25.577,
        "interestIncomeExpense": -25.6,
        "minorityInterest": -26.4,
        "netIncome": 650,
        "netIncomeAfterTaxes": 125.4,
        "nonRecurringItems": -19.1,
        "period": "2023-06-30",
        "pretaxIncome": 168.4,
        "provisionforIncomeTaxes": 43,
        "researchDevelopment": 21.4,
        "revenue": 2370.2,
        "sgaExpense": 381.9,
        "totalOperatingExpense": 403.3,
        "totalOtherIncomeExpenseNet": 57.9
      },
      {
        "costOfGoodsSold": 1303.7,
        "dilutedAverageSharesOutstanding": 117.8,
        "dilutedEPS": 10.51,
        "ebit": 1109.5,
        "equityEarningsAffiliates": 396.2,
        "grossIncome": 1276.5,
        "interestExpense": 26.777,
        "interestIncomeExpense": -26.8,
        "minorityInterest": -38.1,
        "netIncome": 1238.6,
        "netIncomeAfterTaxes": 880.5,
        "nonRecurringItems": -11.3,
        "period": "2023-03-31",
        "pretaxIncome": 1157.5,
        "provisionforIncomeTaxes": 277,
        "researchDevelopment": 20.5,
        "revenue": 2580.3,
        "sgaExpense": 146.6,
        "totalOperatingExpense": 167.1,
        "totalOtherIncomeExpenseNet": 86.1
      },
      {
        "costOfGoodsSold": 1619.7,
        "dilutedAverageSharesOutstanding": 117.9,
        "dilutedEPS": 9.6,
        "ebit": 841.1,
        "equityEarningsAffiliates": 322.8,
        "grossIncome": 1001.3,
        "interestExpense": 24.039,
        "interestIncomeExpense": -24,
        "minorityInterest": -29.3,
        "netIncome": 1132.4,
        "netIncomeAfterTaxes": 839,
        "nonRecurringItems": -8.1,
        "period": "2022-12-31",
        "pretaxIncome": 863.1,
        "provisionforIncomeTaxes": 24.1,
        "researchDevelopment": 20.2,
        "revenue": 2621,
        "sgaExpense": 140,
        "totalOperatingExpense": 160.2,
        "totalOtherIncomeExpenseNet": 54.1
      },
      {
        "costOfGoodsSold": 1045.3,
        "dilutedAverageSharesOutstanding": 117.9,
        "dilutedEPS": 7.61,
        "ebit": 899,
        "equityEarningsAffiliates": 258.9,
        "grossIncome": 1046.5,
        "interestExpense": 29.691,
        "interestIncomeExpense": -29.7,
        "minorityInterest": -34,
        "netIncome": 897.2,
        "netIncomeAfterTaxes": 672.3,
        "nonRecurringItems": -8,
        "period": "2022-09-30",
        "pretaxIncome": 869.3,
        "provisionforIncomeTaxes": 196.9,
        "researchDevelopment": 18.4,
        "revenue": 2091.8,
        "sgaExpense": 129.1,
        "totalOperatingExpense": 147.5,
        "totalOtherIncomeExpenseNet": 8
      },
      {
        "costOfGoodsSold": 898.7,
        "dilutedAverageSharesOutstanding": 117.7,
        "dilutedEPS": 3.46,
        "ebit": 441.1,
        "equityEarningsAffiliates": 128.2,
        "grossIncome": 580.9,
        "interestExpense": 41.409,
        "interestIncomeExpense": -41.4,
        "minorityInterest": -33.8,
        "netIncome": 406.8,
        "netIncomeAfterTaxes": 312.4,
        "nonRecurringItems": -7,
        "period": "2022-06-30",
        "pretaxIncome": 401.5,
        "provisionforIncomeTaxes": 89,
        "researchDevelopment": 17.4,
        "revenue": 1479.6,
        "sgaExpense": 122.5,
        "totalOperatingExpense": 139.8,
        "totalOtherIncomeExpenseNet": 8.8
      },
      {
        "costOfGoodsSold": 678.7,
        "dilutedAverageSharesOutstanding": 117.7,
        "dilutedEPS": 2.15,
        "ebit": 320.6,
        "equityEarningsAffiliates": 62.4,
        "grossIncome": 449,
        "interestExpense": 27.834,
        "interestIncomeExpense": -27.8,
        "minorityInterest": -28.2,
        "netIncome": 253.4,
        "netIncomeAfterTaxes": 219.1,
        "nonRecurringItems": -9.2,
        "period": "2022-03-31",
        "pretaxIncome": 299.6,
        "provisionforIncomeTaxes": 80.5,
        "researchDevelopment": 16.1,
        "revenue": 1127.7,
        "sgaExpense": 112.3,
        "totalOperatingExpense": 128.4,
        "totalOtherIncomeExpenseNet": 16.1
      },
      {
        "costOfGoodsSold": 657.6,
        "dilutedAverageSharesOutstanding": 117,
        "dilutedEPS": -0.03,
        "ebit": 111.1,
        "equityEarningsAffiliates": 33.6,
        "grossIncome": 236.6,
        "interestExpense": 5.306,
        "interestIncomeExpense": -5.3,
        "minorityInterest": -14.3,
        "netIncome": -3.8,
        "netIncomeAfterTaxes": -23.1,
        "nonRecurringItems": -143.5,
        "period": "2021-12-31",
        "pretaxIncome": -8.1,
        "provisionforIncomeTaxes": 15,
        "researchDevelopment": 12.1,
        "revenue": 894.2,
        "sgaExpense": 113.3,
        "totalOperatingExpense": 125.5,
        "totalOtherIncomeExpenseNet": 29.6
      },
      {
        "costOfGoodsSold": 581.3,
        "dilutedAverageSharesOutstanding": 117,
        "dilutedEPS": -3.36,
        "ebit": 137.3,
        "equityEarningsAffiliates": 27.7,
        "grossIncome": 249.3,
        "interestExpense": 5.136,
        "interestIncomeExpense": -5.1,
        "minorityInterest": -18.3,
        "netIncome": -392.8,
        "netIncomeAfterTaxes": -402.1,
        "nonRecurringItems": -5.9,
        "period": "2021-09-30",
        "pretaxIncome": -516.8,
        "provisionforIncomeTaxes": -114.7,
        "researchDevelopment": 13.3,
        "revenue": 830.6,
        "sgaExpense": 98.7,
        "totalOperatingExpense": 111.9,
        "totalOtherIncomeExpenseNet": -643.1
      },
      {
        "costOfGoodsSold": 525.5,
        "dilutedAverageSharesOutstanding": 117.4,
        "dilutedEPS": 3.62,
        "ebit": 122.6,
        "equityEarningsAffiliates": 18,
        "grossIncome": 248.4,
        "interestExpense": 5.952,
        "interestIncomeExpense": -6,
        "minorityInterest": -21.6,
        "netIncome": 424.6,
        "netIncomeAfterTaxes": 428.2,
        "nonRecurringItems": 418.2,
        "period": "2021-06-30",
        "pretaxIncome": 535.2,
        "provisionforIncomeTaxes": 107,
        "researchDevelopment": 14,
        "revenue": 773.9,
        "sgaExpense": 111.8,
        "totalOperatingExpense": 125.8,
        "totalOtherIncomeExpenseNet": 0.3
      },
      {
        "costOfGoodsSold": 565.6,
        "dilutedAverageSharesOutstanding": 113.3,
        "dilutedEPS": 0.84,
        "ebit": 163.6,
        "equityEarningsAffiliates": 16.5,
        "grossIncome": 263.7,
        "interestExpense": 16.082,
        "interestIncomeExpense": -16.1,
        "minorityInterest": -22,
        "netIncome": 95.7,
        "netIncomeAfterTaxes": 101.2,
        "nonRecurringItems": -39.4,
        "period": "2021-03-31",
        "pretaxIncome": 123.3,
        "provisionforIncomeTaxes": 22.1,
        "researchDevelopment": 14.6,
        "revenue": 829.3,
        "sgaExpense": 85.5,
        "totalOperatingExpense": 100.1,
        "totalOtherIncomeExpenseNet": 15.2
      },
      {
        "costOfGoodsSold": 613.7,
        "dilutedAverageSharesOutstanding": 107.3,
        "dilutedEPS": 0.79,
        "ebit": 136.8,
        "equityEarningsAffiliates": 43.6,
        "gainLossOnDispositionOfAssets": 2.8,
        "grossIncome": 265.4,
        "interestExpense": 19.152,
        "interestIncomeExpense": -19.2,
        "minorityInterest": -17.5,
        "netIncome": 84.6,
        "netIncomeAfterTaxes": 58.5,
        "nonRecurringItems": -11.7,
        "period": "2020-12-31",
        "pretaxIncome": 48.4,
        "provisionforIncomeTaxes": -10.1,
        "researchDevelopment": 15.4,
        "revenue": 879.1,
        "sgaExpense": 113.2,
        "totalOperatingExpense": 128.6,
        "totalOtherIncomeExpenseNet": -60.4
      },
      {
        "costOfGoodsSold": 492.8,
        "dilutedAverageSharesOutstanding": 106.9,
        "dilutedEPS": 0.92,
        "ebit": 152.6,
        "equityEarningsAffiliates": 26.2,
        "grossIncome": 254.1,
        "interestExpense": 19.227,
        "interestIncomeExpense": -16.1,
        "minorityInterest": -18.7,
        "netIncome": 98.3,
        "netIncomeAfterTaxes": 90.9,
        "nonRecurringItems": -8.4,
        "period": "2020-09-30",
        "pretaxIncome": 121.5,
        "provisionforIncomeTaxes": 30.7,
        "researchDevelopment": 13.5,
        "revenue": 746.9,
        "sgaExpense": 87.9,
        "totalOperatingExpense": 101.4,
        "totalOtherIncomeExpenseNet": -6.6
      },
      {
        "costOfGoodsSold": 530.7,
        "dilutedAverageSharesOutstanding": 106.5,
        "dilutedEPS": 0.8,
        "ebit": 124.4,
        "equityEarningsAffiliates": 31.1,
        "grossIncome": 233.4,
        "interestExpense": 17.852,
        "interestIncomeExpense": -20.7,
        "minorityInterest": -18.1,
        "netIncome": 85.6,
        "netIncomeAfterTaxes": 72.6,
        "nonRecurringItems": -12.1,
        "period": "2020-06-30",
        "pretaxIncome": 88.1,
        "provisionforIncomeTaxes": 15.4,
        "researchDevelopment": 14.2,
        "revenue": 764,
        "sgaExpense": 94.8,
        "totalOperatingExpense": 108.9,
        "totalOtherIncomeExpenseNet": -3.5
      },
      {
        "costOfGoodsSold": 496.1,
        "dilutedAverageSharesOutstanding": 106.5,
        "dilutedEPS": 1.01,
        "ebit": 129.2,
        "equityEarningsAffiliates": 26.6,
        "gainLossOnDispositionOfAssets": 0.8,
        "grossIncome": 242.7,
        "interestExpense": 16.885,
        "interestIncomeExpense": -22.3,
        "minorityInterest": -16.4,
        "netIncome": 107.2,
        "netIncomeAfterTaxes": 97,
        "nonRecurringItems": -2.6,
        "period": "2020-03-31",
        "pretaxIncome": 115.5,
        "provisionforIncomeTaxes": 18.4,
        "researchDevelopment": 16.1,
        "revenue": 738.8,
        "sgaExpense": 97.4,
        "totalOperatingExpense": 113.5,
        "totalOtherIncomeExpenseNet": 10.4
      },
      {
        "costOfGoodsSold": 654,
        "dilutedAverageSharesOutstanding": 106.3,
        "dilutedEPS": 0.85,
        "ebit": 148.7,
        "equityEarningsAffiliates": 22.8,
        "gainLossOnDispositionOfAssets": 3.3,
        "grossIncome": 338.6,
        "interestExpense": 17.6,
        "interestIncomeExpense": -15.7,
        "minorityInterest": -15.9,
        "netIncome": 90.4,
        "netIncomeAfterTaxes": 83.4,
        "nonRecurringItems": -50.1,
        "period": "2019-12-31",
        "pretaxIncome": 78.3,
        "provisionforIncomeTaxes": -5.1,
        "researchDevelopment": 14.3,
        "revenue": 992.6,
        "sgaExpense": 175.7,
        "totalOperatingExpense": 189.9,
        "totalOtherIncomeExpenseNet": -7.9
      },
      {
        "costOfGoodsSold": 569.8,
        "dilutedAverageSharesOutstanding": 106.3,
        "dilutedEPS": 1.46,
        "ebit": 190.3,
        "equityEarningsAffiliates": 33.2,
        "gainLossOnDispositionOfAssets": 0,
        "grossIncome": 310,
        "interestExpense": 11.108,
        "interestIncomeExpense": -30.4,
        "minorityInterest": -16.5,
        "netIncome": 155.1,
        "netIncomeAfterTaxes": 138.4,
        "nonRecurringItems": -7.7,
        "period": "2019-09-30",
        "pretaxIncome": 163.7,
        "provisionforIncomeTaxes": 25.3,
        "researchDevelopment": 15.6,
        "revenue": 879.7,
        "sgaExpense": 104,
        "totalOperatingExpense": 119.6,
        "totalOtherIncomeExpenseNet": 11.5
      },
      {
        "costOfGoodsSold": 559,
        "dilutedAverageSharesOutstanding": 106.3,
        "dilutedEPS": 1.45,
        "ebit": 196.6,
        "equityEarningsAffiliates": 38.3,
        "gainLossOnDispositionOfAssets": 0,
        "grossIncome": 326,
        "interestExpense": 11.601,
        "interestIncomeExpense": -9.5,
        "minorityInterest": -20.8,
        "netIncome": 154.2,
        "netIncomeAfterTaxes": 136.7,
        "nonRecurringItems": -13.4,
        "period": "2019-06-30",
        "pretaxIncome": 167.1,
        "provisionforIncomeTaxes": 30.4,
        "researchDevelopment": 13.5,
        "revenue": 885.1,
        "sgaExpense": 115.9,
        "totalOperatingExpense": 129.4,
        "totalOtherIncomeExpenseNet": -6.6
      },
      {
        "costOfGoodsSold": 548.2,
        "dilutedAverageSharesOutstanding": 106.4,
        "dilutedEPS": 1.26,
        "ebit": 161.4,
        "equityEarningsAffiliates": 35.2,
        "gainLossOnDispositionOfAssets": 11.1,
        "grossIncome": 283.9,
        "interestExpense": 12.586,
        "interestIncomeExpense": -23,
        "minorityInterest": -18,
        "netIncome": 133.6,
        "netIncomeAfterTaxes": 116.3,
        "nonRecurringItems": -4.6,
        "period": "2019-03-31",
        "pretaxIncome": 153.9,
        "provisionforIncomeTaxes": 37.5,
        "researchDevelopment": 15,
        "revenue": 832.1,
        "sgaExpense": 107.6,
        "totalOperatingExpense": 122.5,
        "totalOtherIncomeExpenseNet": 9
      },
      {
        "costOfGoodsSold": 601.3,
        "dilutedAverageSharesOutstanding": 107,
        "dilutedEPS": 1.21,
        "ebit": 186.8,
        "equityEarningsAffiliates": 27.5,
        "grossIncome": 320.4,
        "interestExpense": 12.571,
        "interestIncomeExpense": -12.6,
        "minorityInterest": -16.5,
        "netIncome": 129.6,
        "netIncomeAfterTaxes": 81,
        "nonRecurringItems": -12,
        "period": "2018-12-31",
        "pretaxIncome": 129.7,
        "provisionforIncomeTaxes": 48.7,
        "researchDevelopment": 16.4,
        "revenue": 921.7,
        "sgaExpense": 117.2,
        "totalOperatingExpense": 133.6,
        "totalOtherIncomeExpenseNet": -32.5
      },
      {
        "costOfGoodsSold": 497.2,
        "dilutedAverageSharesOutstanding": 108.3,
        "dilutedEPS": 1.21,
        "ebit": 163.8,
        "equityEarningsAffiliates": 22.1,
        "grossIncome": 280.5,
        "interestExpense": 12.988,
        "interestIncomeExpense": -13,
        "minorityInterest": -13.7,
        "netIncome": 129.7,
        "netIncomeAfterTaxes": 123.1,
        "nonRecurringItems": 0,
        "period": "2018-09-30",
        "pretaxIncome": 154.6,
        "provisionforIncomeTaxes": 31.5,
        "researchDevelopment": 16.6,
        "revenue": 777.7,
        "sgaExpense": 100.2,
        "totalOperatingExpense": 116.8,
        "totalOtherIncomeExpenseNet": 3.8
      },
      {
        "costOfGoodsSold": 542.5,
        "dilutedAverageSharesOutstanding": 110.7,
        "dilutedEPS": 2.73,
        "ebit": 171.7,
        "equityEarningsAffiliates": 19,
        "grossIncome": 311.4,
        "interestExpense": 13.308,
        "interestIncomeExpense": -13.3,
        "minorityInterest": -8.2,
        "netIncome": 302.5,
        "netIncomeAfterTaxes": 291.7,
        "nonRecurringItems": 218.7,
        "period": "2018-06-30",
        "pretaxIncome": 371.8,
        "provisionforIncomeTaxes": 80.1,
        "researchDevelopment": 16.1,
        "revenue": 853.9,
        "sgaExpense": 123.6,
        "totalOperatingExpense": 139.7,
        "totalOtherIncomeExpenseNet": -5.2
      },
      {
        "costOfGoodsSold": 516.7,
        "dilutedAverageSharesOutstanding": 111.9,
        "dilutedEPS": 1.17,
        "ebit": 182.6,
        "equityEarningsAffiliates": 20.7,
        "grossIncome": 305,
        "interestExpense": 13.538,
        "interestIncomeExpense": -13.5,
        "minorityInterest": -7.2,
        "netIncome": 131.8,
        "netIncomeAfterTaxes": 111.7,
        "period": "2018-03-31",
        "pretaxIncome": 138.6,
        "provisionforIncomeTaxes": 26.9,
        "researchDevelopment": 21,
        "revenue": 821.6,
        "sgaExpense": 101.4,
        "totalOperatingExpense": 122.3,
        "totalOtherIncomeExpenseNet": -30.5
      },
      {
        "costOfGoodsSold": 549.9,
        "dilutedAverageSharesOutstanding": 110.5,
        "dilutedEPS": -1.97,
        "ebit": 221.1,
        "equityEarningsAffiliates": 29.2,
        "grossIncome": 307.9,
        "interestIncomeExpense": 40.9,
        "minorityInterest": -11.3,
        "netIncome": -218.4,
        "netIncomeAfterTaxes": 130.6,
        "nonRecurringItems": -112.9,
        "period": "2017-12-31",
        "pretaxIncome": 141.9,
        "provisionforIncomeTaxes": 11.3,
        "researchDevelopment": 15.2,
        "revenue": 857.8,
        "sgaExpense": 71.6,
        "totalOperatingExpense": 86.8,
        "totalOtherIncomeExpenseNet": -7.2
      },
      {
        "costOfGoodsSold": 479.2,
        "dilutedAverageSharesOutstanding": 112,
        "dilutedEPS": 1.06,
        "ebit": 147.4,
        "equityEarningsAffiliates": 19,
        "grossIncome": 275.7,
        "interestExpense": 15.792,
        "interestIncomeExpense": -15.8,
        "minorityInterest": -11.5,
        "netIncome": 118.7,
        "netIncomeAfterTaxes": 111.1,
        "nonRecurringItems": 0,
        "period": "2017-09-30",
        "pretaxIncome": 129.6,
        "provisionforIncomeTaxes": 18.5,
        "researchDevelopment": 21.8,
        "revenue": 754.9,
        "sgaExpense": 106.5,
        "totalOperatingExpense": 128.2,
        "totalOtherIncomeExpenseNet": -2
      },
      {
        "costOfGoodsSold": 465.3,
        "dilutedAverageSharesOutstanding": 112.1,
        "dilutedEPS": 0.92,
        "ebit": 138,
        "equityEarningsAffiliates": 15,
        "grossIncome": 272,
        "interestExpense": 14.59,
        "interestIncomeExpense": -14.6,
        "minorityInterest": -10.4,
        "netIncome": 103.3,
        "netIncomeAfterTaxes": 98.6,
        "nonRecurringItems": 0,
        "period": "2017-06-30",
        "pretaxIncome": 121.8,
        "provisionforIncomeTaxes": 23.1,
        "researchDevelopment": 17.3,
        "revenue": 737.3,
        "sgaExpense": 116.6,
        "totalOperatingExpense": 133.9,
        "totalOtherIncomeExpenseNet": -1.7
      },
      {
        "costOfGoodsSold": 467.1,
        "dilutedAverageSharesOutstanding": 113.3,
        "dilutedEPS": 0.45,
        "ebit": 121.7,
        "equityEarningsAffiliates": 21.2,
        "grossIncome": 255,
        "interestExpense": 68.513,
        "interestIncomeExpense": -68.5,
        "minorityInterest": -11.4,
        "netIncome": 51.2,
        "netIncomeAfterTaxes": 41.5,
        "period": "2017-03-31",
        "pretaxIncome": 53.5,
        "provisionforIncomeTaxes": 12,
        "researchDevelopment": 24.3,
        "revenue": 722.1,
        "sgaExpense": 108.9,
        "totalOperatingExpense": 133.3,
        "totalOtherIncomeExpenseNet": 0.3
      },
      {
        "costOfGoodsSold": 455.7,
        "dilutedAverageSharesOutstanding": 113.6,
        "dilutedEPS": 5.3,
        "ebit": 96.4,
        "equityEarningsAffiliates": 14.8,
        "grossIncome": 241,
        "interestExpense": 18.321,
        "interestIncomeExpense": -18.3,
        "minorityInterest": -8.2,
        "netIncome": 602.1,
        "netIncomeAfterTaxes": 35.5,
        "nonRecurringItems": -13,
        "period": "2016-12-31",
        "pretaxIncome": 70.2,
        "provisionforIncomeTaxes": 34.7,
        "researchDevelopment": 19.1,
        "revenue": 696.7,
        "sgaExpense": 125.5,
        "totalOperatingExpense": 144.6,
        "totalOtherIncomeExpenseNet": 5.2
      },
      {
        "costOfGoodsSold": 415,
        "dilutedAverageSharesOutstanding": 113.4,
        "dilutedEPS": 1.13,
        "ebit": 131.6,
        "equityEarningsAffiliates": 15,
        "grossIncome": 239,
        "interestExpense": 15.946,
        "interestIncomeExpense": -15.9,
        "minorityInterest": -9.5,
        "netIncome": 128.2,
        "netIncomeAfterTaxes": 99.6,
        "nonRecurringItems": -6.7,
        "period": "2016-09-30",
        "pretaxIncome": 112,
        "provisionforIncomeTaxes": 12.4,
        "researchDevelopment": 21,
        "revenue": 654,
        "sgaExpense": 86.3,
        "totalOperatingExpense": 107.4,
        "totalOtherIncomeExpenseNet": 3
      },
      {
        "costOfGoodsSold": 421.2,
        "dilutedAverageSharesOutstanding": 112.3,
        "dilutedEPS": -2.8,
        "ebit": 141.6,
        "equityEarningsAffiliates": 13.8,
        "grossIncome": 248.1,
        "interestExpense": 15.8,
        "interestIncomeExpense": -15.8,
        "minorityInterest": -12.1,
        "netIncome": -314.8,
        "netIncomeAfterTaxes": 81.7,
        "nonRecurringItems": -18.1,
        "period": "2016-06-30",
        "pretaxIncome": 105.4,
        "provisionforIncomeTaxes": 23.7,
        "researchDevelopment": 20.5,
        "revenue": 669.3,
        "sgaExpense": 86.1,
        "totalOperatingExpense": 106.5,
        "totalOtherIncomeExpenseNet": -2.3
      },
      {
        "costOfGoodsSold": 414.7,
        "dilutedAverageSharesOutstanding": 112.8,
        "dilutedEPS": 2.02,
        "ebit": 140,
        "equityEarningsAffiliates": 16,
        "grossIncome": 242.5,
        "interestExpense": 15.114,
        "interestIncomeExpense": -15.1,
        "minorityInterest": -7.4,
        "netIncome": 228.2,
        "netIncomeAfterTaxes": 202.2,
        "nonRecurringItems": 102.8,
        "period": "2016-03-31",
        "pretaxIncome": 227.7,
        "provisionforIncomeTaxes": 25.5,
        "researchDevelopment": 19.9,
        "revenue": 657.2,
        "sgaExpense": 82.6,
        "totalOperatingExpense": 102.5,
        "totalOtherIncomeExpenseNet": 0
      },
      {
        "costOfGoodsSold": 484.8,
        "dilutedAverageSharesOutstanding": 112.6,
        "dilutedEPS": 1.54,
        "ebit": 168.1,
        "equityEarningsAffiliates": 8,
        "grossIncome": 237.8,
        "interestExpense": 19.457,
        "interestIncomeExpense": -19.5,
        "minorityInterest": -8.4,
        "netIncome": 174.3,
        "netIncomeAfterTaxes": 161.3,
        "nonRecurringItems": -15.1,
        "period": "2015-12-31",
        "pretaxIncome": 130.6,
        "provisionforIncomeTaxes": -30.6,
        "researchDevelopment": 21.9,
        "revenue": 722.6,
        "sgaExpense": 47.8,
        "totalOperatingExpense": 69.7,
        "totalOtherIncomeExpenseNet": -3
      },
      {
        "costOfGoodsSold": 474.2,
        "dilutedAverageSharesOutstanding": 112.5,
        "dilutedEPS": 0.58,
        "ebit": 116.1,
        "equityEarningsAffiliates": 5.7,
        "grossIncome": 219,
        "interestExpense": 19.294,
        "interestIncomeExpense": -19.3,
        "minorityInterest": -5.5,
        "netIncome": 65.4,
        "netIncomeAfterTaxes": 54.1,
        "nonRecurringItems": -29.7,
        "period": "2015-09-30",
        "pretaxIncome": 67.3,
        "provisionforIncomeTaxes": 13.1,
        "researchDevelopment": 21.9,
        "revenue": 693.2,
        "sgaExpense": 81,
        "totalOperatingExpense": 102.9,
        "totalOtherIncomeExpenseNet": 0.1
      }
    ],
    "symbol": "ALB"
  }
}