{
  "symbol": "DASH",
  "statement": "ic",
  "frequency": "quarterly",
  "timestamp": "2025-09-19T13:59:19.307821",
  "data": {
    "financials": [
      {
        "costOfGoodsSold": 1616,
        "depreciationAmortization": 159,
        "dilutedAverageSharesOutstanding": 438.377,
        "dilutedEPS": 0.65,
        "ebit": 163,
        "grossIncome": 1668,
        "interestIncomeExpense": 49,
        "minorityInterest": 1,
        "netIncome": 285,
        "netIncomeAfterTaxes": 284,
        "nonRecurringItems": 0,
        "period": "2025-06-30",
        "pretaxIncome": 271,
        "provisionforIncomeTaxes": -13,
        "researchDevelopment": 351,
        "revenue": 3284,
        "sgaExpense": 995,
        "totalOperatingExpense": 1505,
        "totalOtherIncomeExpenseNet": 59
      },
      {
        "costOfGoodsSold": 1500,
        "depreciationAmortization": 152,
        "dilutedAverageSharesOutstanding": 435.563,
        "dilutedEPS": 0.44,
        "ebit": 156,
        "grossIncome": 1532,
        "interestIncomeExpense": 49,
        "minorityInterest": 1,
        "netIncome": 193,
        "netIncomeAfterTaxes": 192,
        "nonRecurringItems": -1,
        "period": "2025-03-31",
        "pretaxIncome": 198,
        "provisionforIncomeTaxes": 6,
        "researchDevelopment": 306,
        "revenue": 3032,
        "sgaExpense": 918,
        "totalOperatingExpense": 1376,
        "totalOtherIncomeExpenseNet": -6
      },
      {
        "costOfGoodsSold": 1453,
        "depreciationAmortization": 141,
        "dilutedAverageSharesOutstanding": 491.859,
        "dilutedEPS": 0.29,
        "ebit": 117,
        "grossIncome": 1420,
        "interestIncomeExpense": 51,
        "minorityInterest": 2,
        "netIncome": 141,
        "netIncomeAfterTaxes": 139,
        "nonRecurringItems": 0,
        "period": "2024-12-31",
        "pretaxIncome": 176,
        "provisionforIncomeTaxes": 37,
        "researchDevelopment": 297,
        "revenue": 2873,
        "sgaExpense": 865,
        "totalOperatingExpense": 1303,
        "totalOtherIncomeExpenseNet": 8
      },
      {
        "costOfGoodsSold": 1374,
        "depreciationAmortization": 138,
        "dilutedAverageSharesOutstanding": 427.962,
        "dilutedEPS": 0.38,
        "ebit": 107,
        "grossIncome": 1332,
        "interestIncomeExpense": 54,
        "minorityInterest": 1,
        "netIncome": 162,
        "netIncomeAfterTaxes": 161,
        "nonRecurringItems": 0,
        "period": "2024-09-30",
        "pretaxIncome": 155,
        "provisionforIncomeTaxes": -6,
        "researchDevelopment": 289,
        "revenue": 2706,
        "sgaExpense": 798,
        "totalOperatingExpense": 1225,
        "totalOtherIncomeExpenseNet": -6
      },
      {
        "costOfGoodsSold": 1385,
        "depreciationAmortization": 140,
        "dilutedAverageSharesOutstanding": 410.482,
        "dilutedEPS": -0.38,
        "ebit": -118,
        "grossIncome": 1245,
        "interestIncomeExpense": 49,
        "minorityInterest": 1,
        "netIncome": -157,
        "netIncomeAfterTaxes": -158,
        "nonRecurringItems": -83,
        "period": "2024-06-30",
        "pretaxIncome": -157,
        "provisionforIncomeTaxes": 1,
        "researchDevelopment": 303,
        "revenue": 2630,
        "sgaExpense": 920,
        "totalOperatingExpense": 1363,
        "totalOtherIncomeExpenseNet": -5
      },
      {
        "costOfGoodsSold": 1330,
        "depreciationAmortization": 142,
        "dilutedAverageSharesOutstanding": 405.482,
        "dilutedEPS": -0.06,
        "ebit": -61,
        "grossIncome": 1183,
        "interestIncomeExpense": 45,
        "minorityInterest": 2,
        "netIncome": -23,
        "netIncomeAfterTaxes": -25,
        "nonRecurringItems": 0,
        "period": "2024-03-31",
        "pretaxIncome": -18,
        "provisionforIncomeTaxes": 7,
        "researchDevelopment": 279,
        "revenue": 2513,
        "sgaExpense": 823,
        "totalOperatingExpense": 1244,
        "totalOtherIncomeExpenseNet": -2
      },
      {
        "costOfGoodsSold": 1229,
        "depreciationAmortization": 130,
        "dilutedAverageSharesOutstanding": 399.41,
        "dilutedEPS": -0.39,
        "ebit": -89,
        "grossIncome": 1074,
        "interestIncomeExpense": 51,
        "minorityInterest": 2,
        "netIncome": -154,
        "netIncomeAfterTaxes": -156,
        "nonRecurringItems": 0,
        "period": "2023-12-31",
        "pretaxIncome": -139,
        "provisionforIncomeTaxes": 17,
        "researchDevelopment": 253,
        "revenue": 2303,
        "sgaExpense": 780,
        "totalOperatingExpense": 1163,
        "totalOtherIncomeExpenseNet": -101
      },
      {
        "costOfGoodsSold": 1156,
        "depreciationAmortization": 128,
        "dilutedAverageSharesOutstanding": 393.217,
        "dilutedEPS": -0.19,
        "ebit": -108,
        "grossIncome": 1008,
        "interestIncomeExpense": 40,
        "minorityInterest": 2,
        "netIncome": -73,
        "netIncomeAfterTaxes": -75,
        "nonRecurringItems": 0,
        "period": "2023-09-30",
        "pretaxIncome": -69,
        "provisionforIncomeTaxes": 6,
        "researchDevelopment": 250,
        "revenue": 2164,
        "sgaExpense": 738,
        "totalOperatingExpense": 1116,
        "totalOtherIncomeExpenseNet": -1
      },
      {
        "costOfGoodsSold": 1135,
        "depreciationAmortization": 128,
        "dilutedAverageSharesOutstanding": 388.737,
        "dilutedEPS": -0.44,
        "ebit": -211,
        "grossIncome": 998,
        "interestIncomeExpense": 34,
        "minorityInterest": 2,
        "netIncome": -170,
        "netIncomeAfterTaxes": -172,
        "period": "2023-06-30",
        "pretaxIncome": -181,
        "provisionforIncomeTaxes": -9,
        "researchDevelopment": 269,
        "revenue": 2133,
        "sgaExpense": 812,
        "totalOperatingExpense": 1209,
        "totalOtherIncomeExpenseNet": -4
      },
      {
        "costOfGoodsSold": 1069,
        "depreciationAmortization": 123,
        "dilutedAverageSharesOutstanding": 390.397,
        "dilutedEPS": -0.41,
        "ebit": -169,
        "grossIncome": 966,
        "interestExpense": 1,
        "interestIncomeExpense": 27,
        "minorityInterest": 1,
        "netIncome": -161,
        "netIncomeAfterTaxes": -162,
        "nonRecurringItems": -2,
        "period": "2023-03-31",
        "pretaxIncome": -145,
        "provisionforIncomeTaxes": 17,
        "researchDevelopment": 231,
        "revenue": 2035,
        "sgaExpense": 781,
        "totalOperatingExpense": 1135,
        "totalOtherIncomeExpenseNet": -1
      },
      {
        "costOfGoodsSold": 1014,
        "depreciationAmortization": 111,
        "dilutedAverageSharesOutstanding": 387.331,
        "dilutedEPS": -1.65,
        "ebit": -286,
        "grossIncome": 804,
        "interestExpense": 1,
        "interestIncomeExpense": 16,
        "minorityInterest": 2,
        "netIncome": -640,
        "netIncomeAfterTaxes": -642,
        "nonRecurringItems": -84,
        "period": "2022-12-31",
        "pretaxIncome": -659,
        "provisionforIncomeTaxes": -17,
        "researchDevelopment": 250,
        "revenue": 1818,
        "sgaExpense": 729,
        "totalOperatingExpense": 1090,
        "totalOtherIncomeExpenseNet": -305
      },
      {
        "costOfGoodsSold": 931,
        "depreciationAmortization": 118,
        "dilutedAverageSharesOutstanding": 384.756,
        "dilutedEPS": -0.77,
        "ebit": -303,
        "grossIncome": 770,
        "interestIncomeExpense": 9,
        "minorityInterest": 1,
        "netIncome": -295,
        "netIncomeAfterTaxes": -296,
        "nonRecurringItems": -5,
        "period": "2022-09-30",
        "pretaxIncome": -301,
        "provisionforIncomeTaxes": -5,
        "researchDevelopment": 226,
        "revenue": 1701,
        "sgaExpense": 729,
        "totalOperatingExpense": 1073,
        "totalOtherIncomeExpenseNet": -2
      },
      {
        "costOfGoodsSold": 880,
        "depreciationAmortization": 81,
        "dilutedAverageSharesOutstanding": 363.961,
        "dilutedEPS": -0.72,
        "ebit": -270,
        "grossIncome": 728,
        "interestExpense": 1,
        "interestIncomeExpense": 4,
        "netIncome": -263,
        "netIncomeAfterTaxes": -263,
        "nonRecurringItems": -3,
        "period": "2022-06-30",
        "pretaxIncome": -272,
        "provisionforIncomeTaxes": -9,
        "researchDevelopment": 205,
        "revenue": 1608,
        "sgaExpense": 712,
        "totalOperatingExpense": 998,
        "totalOtherIncomeExpenseNet": -3
      },
      {
        "costOfGoodsSold": 763,
        "depreciationAmortization": 59,
        "dilutedAverageSharesOutstanding": 349.219,
        "dilutedEPS": -0.48,
        "ebit": -173,
        "grossIncome": 693,
        "interestIncomeExpense": 1,
        "netIncome": -167,
        "netIncomeAfterTaxes": -167,
        "period": "2022-03-31",
        "pretaxIncome": -167,
        "provisionforIncomeTaxes": 0,
        "researchDevelopment": 148,
        "revenue": 1456,
        "sgaExpense": 659,
        "totalOperatingExpense": 866,
        "totalOtherIncomeExpenseNet": 5
      },
      {
        "costOfGoodsSold": 635,
        "depreciationAmortization": 49,
        "dilutedAverageSharesOutstanding": 344.557,
        "dilutedEPS": -0.45,
        "ebit": -154,
        "grossIncome": 665,
        "interestExpense": 1,
        "interestIncomeExpense": 0,
        "netIncome": -155,
        "netIncomeAfterTaxes": -155,
        "period": "2021-12-31",
        "pretaxIncome": -153,
        "provisionforIncomeTaxes": 2,
        "researchDevelopment": 133,
        "revenue": 1300,
        "sgaExpense": 637,
        "totalOperatingExpense": 819,
        "totalOtherIncomeExpenseNet": 1
      },
      {
        "costOfGoodsSold": 585,
        "depreciationAmortization": 41,
        "dilutedAverageSharesOutstanding": 340.169,
        "dilutedEPS": -0.3,
        "ebit": -100,
        "grossIncome": 690,
        "interestIncomeExpense": 0,
        "netIncome": -101,
        "netIncomeAfterTaxes": -101,
        "period": "2021-09-30",
        "pretaxIncome": -101,
        "provisionforIncomeTaxes": 0,
        "researchDevelopment": 115,
        "revenue": 1275,
        "sgaExpense": 634,
        "totalOperatingExpense": 790,
        "totalOtherIncomeExpenseNet": -1
      },
      {
        "costOfGoodsSold": 555,
        "depreciationAmortization": 37,
        "dilutedAverageSharesOutstanding": 334.707,
        "dilutedEPS": -0.3,
        "ebit": -99,
        "grossIncome": 681,
        "interestExpense": 1,
        "interestIncomeExpense": -1,
        "netIncome": -102,
        "netIncomeAfterTaxes": -102,
        "period": "2021-06-30",
        "pretaxIncome": -100,
        "provisionforIncomeTaxes": 2,
        "researchDevelopment": 100,
        "revenue": 1236,
        "sgaExpense": 643,
        "totalOperatingExpense": 780,
        "totalOtherIncomeExpenseNet": 0
      },
      {
        "costOfGoodsSold": 563,
        "depreciationAmortization": 29,
        "dilutedAverageSharesOutstanding": 325.526,
        "dilutedEPS": -0.34,
        "ebit": -99,
        "grossIncome": 514,
        "interestExpense": 12,
        "interestIncomeExpense": -10,
        "netIncome": -110,
        "netIncomeAfterTaxes": -110,
        "period": "2021-03-31",
        "pretaxIncome": -109,
        "provisionforIncomeTaxes": 1,
        "researchDevelopment": 82,
        "revenue": 1077,
        "sgaExpense": 502,
        "totalOperatingExpense": 613,
        "totalOtherIncomeExpenseNet": 0
      },
      {
        "costOfGoodsSold": 469,
        "depreciationAmortization": 31,
        "dilutedAverageSharesOutstanding": 321.042,
        "dilutedEPS": -0.97,
        "ebit": -305,
        "grossIncome": 501,
        "interestExpense": 10,
        "interestIncomeExpense": -9,
        "netIncome": -312,
        "netIncomeAfterTaxes": -312,
        "period": "2020-12-31",
        "pretaxIncome": -311,
        "provisionforIncomeTaxes": 1,
        "researchDevelopment": 209,
        "revenue": 970,
        "sgaExpense": 566,
        "totalOperatingExpense": 806,
        "totalOtherIncomeExpenseNet": 3
      },
      {
        "costOfGoodsSold": 382,
        "depreciationAmortization": 34,
        "dilutedAverageSharesOutstanding": 317.657,
        "dilutedEPS": -0.14,
        "ebit": -35,
        "grossIncome": 497,
        "interestExpense": 9,
        "interestIncomeExpense": -8,
        "netIncome": -43,
        "netIncomeAfterTaxes": -43,
        "period": "2020-09-30",
        "pretaxIncome": -42,
        "provisionforIncomeTaxes": 1,
        "researchDevelopment": 41,
        "revenue": 879,
        "sgaExpense": 457,
        "totalOperatingExpense": 532,
        "totalOtherIncomeExpenseNet": 1
      },
      {
        "costOfGoodsSold": 323,
        "depreciationAmortization": 31,
        "dilutedAverageSharesOutstanding": 317.657,
        "dilutedEPS": 0.07,
        "ebit": 27,
        "grossIncome": 352,
        "interestExpense": 9,
        "interestIncomeExpense": -7,
        "netIncome": 23,
        "netIncomeAfterTaxes": 23,
        "period": "2020-06-30",
        "pretaxIncome": 23,
        "provisionforIncomeTaxes": 0,
        "researchDevelopment": 38,
        "revenue": 675,
        "sgaExpense": 256,
        "totalOperatingExpense": 325,
        "totalOtherIncomeExpenseNet": 3
      },
      {
        "costOfGoodsSold": 194,
        "depreciationAmortization": 24,
        "dilutedAverageSharesOutstanding": 317.657,
        "dilutedEPS": -0.41,
        "ebit": -123,
        "grossIncome": 168,
        "interestExpense": 4,
        "interestIncomeExpense": -1,
        "netIncome": -129,
        "netIncomeAfterTaxes": -129,
        "period": "2020-03-31",
        "pretaxIncome": -128,
        "provisionforIncomeTaxes": 1,
        "researchDevelopment": 33,
        "revenue": 362,
        "sgaExpense": 234,
        "totalOperatingExpense": 291,
        "totalOtherIncomeExpenseNet": -4
      },
      {
        "costOfGoodsSold": 170,
        "depreciationAmortization": 16,
        "dilutedAverageSharesOutstanding": 317.657,
        "dilutedEPS": -0.42,
        "ebit": -137,
        "grossIncome": 128,
        "interestIncomeExpense": 4,
        "netIncome": -134,
        "netIncomeAfterTaxes": -134,
        "period": "2019-12-31",
        "pretaxIncome": -134,
        "provisionforIncomeTaxes": 0,
        "researchDevelopment": 34,
        "revenue": 298,
        "sgaExpense": 215,
        "totalOperatingExpense": 265,
        "totalOtherIncomeExpenseNet": -1
      },
      {
        "costOfGoodsSold": 133,
        "depreciationAmortization": 7,
        "dilutedAverageSharesOutstanding": 317.657,
        "dilutedEPS": -0.48,
        "ebit": -157,
        "grossIncome": 106,
        "interestIncomeExpense": 6,
        "netIncome": -152,
        "netIncomeAfterTaxes": -152,
        "period": "2019-09-30",
        "pretaxIncome": -151,
        "provisionforIncomeTaxes": 1,
        "researchDevelopment": 28,
        "revenue": 239,
        "sgaExpense": 228,
        "totalOperatingExpense": 263,
        "totalOtherIncomeExpenseNet": 0
      },
      {
        "costOfGoodsSold": 122,
        "depreciationAmortization": 5,
        "dilutedAverageSharesOutstanding": 317.657,
        "dilutedEPS": -0.6,
        "ebit": -128,
        "grossIncome": 93,
        "interestIncomeExpense": 5,
        "netIncome": -190,
        "netIncomeAfterTaxes": -190,
        "period": "2019-06-30",
        "pretaxIncome": -190,
        "provisionforIncomeTaxes": 0,
        "researchDevelopment": 25,
        "revenue": 215,
        "sgaExpense": 191,
        "totalOperatingExpense": 221,
        "totalOtherIncomeExpenseNet": -67
      },
      {
        "costOfGoodsSold": 98,
        "depreciationAmortization": 4,
        "dilutedAverageSharesOutstanding": 317.657,
        "dilutedEPS": -0.6,
        "ebit": -194,
        "grossIncome": 35,
        "interestIncomeExpense": 3,
        "netIncome": -191,
        "netIncomeAfterTaxes": -191,
        "period": "2019-03-31",
        "pretaxIncome": -191,
        "provisionforIncomeTaxes": 0,
        "researchDevelopment": 20,
        "revenue": 133,
        "sgaExpense": 205,
        "totalOperatingExpense": 229,
        "totalOtherIncomeExpenseNet": 0
      }
    ],
    "symbol": "DASH"
  }
}