{
  "symbol": "SPG",
  "statement": "ic",
  "frequency": "annual",
  "timestamp": "2025-09-19T14:06:39.473178",
  "data": {
    "financials": [
      {
        "costOfGoodsSold": 1043.414,
        "depreciationAmortization": 1265.34,
        "dilutedAverageSharesOutstanding": 326.0971,
        "dilutedEPS": 7.2603,
        "ebit": 3092.796,
        "gainLossOnDispositionOfAssets": -75.818,
        "grossIncome": 4920.384,
        "interestExpense": 905.797,
        "interestIncomeExpense": -264.695,
        "minorityInterest": -358.125,
        "netIncome": 2367.559,
        "netIncomeAfterTaxes": 2729.021,
        "otherOperatingExpensesTotal": 149.677,
        "period": "2024-12-31",
        "pretaxIncome": 2729.021,
        "revenue": 5963.798,
        "sgaExpense": 412.571,
        "totalOperatingExpense": 1827.588,
        "totalOtherIncomeExpenseNet": -23.262,
        "year": 2024
      },
      {
        "costOfGoodsSold": 1028.386,
        "depreciationAmortization": 1262.107,
        "dilutedAverageSharesOutstanding": 326.8073,
        "dilutedEPS": 6.9759,
        "ebit": 2807.022,
        "gainLossOnDispositionOfAssets": -3.056,
        "grossIncome": 4630.45,
        "interestExpense": 854.648,
        "interestIncomeExpense": -105.074,
        "minorityInterest": -333.892,
        "netIncome": 2279.789,
        "netIncomeAfterTaxes": 2617.018,
        "otherOperatingExpensesTotal": 187.844,
        "period": "2023-12-31",
        "pretaxIncome": 2617.018,
        "revenue": 5658.836,
        "sgaExpense": 373.477,
        "totalOperatingExpense": 1823.428,
        "totalOtherIncomeExpenseNet": -81.874,
        "year": 2023
      },
      {
        "costOfGoodsSold": 1000.954,
        "depreciationAmortization": 1227.371,
        "dilutedAverageSharesOutstanding": 327.8167,
        "dilutedEPS": 6.5164,
        "ebit": 2583.553,
        "gainLossOnDispositionOfAssets": 5.647,
        "grossIncome": 4290.493,
        "interestExpense": 761.253,
        "interestIncomeExpense": -53.303,
        "minorityInterest": -312.85,
        "netIncome": 2136.198,
        "netIncomeAfterTaxes": 2452.385,
        "otherOperatingExpensesTotal": 152.213,
        "period": "2022-12-31",
        "pretaxIncome": 2452.385,
        "revenue": 5291.447,
        "sgaExpense": 327.356,
        "totalOperatingExpense": 1706.94,
        "totalOtherIncomeExpenseNet": -83.512,
        "year": 2022
      },
      {
        "costOfGoodsSold": 971.064,
        "depreciationAmortization": 1262.715,
        "dilutedAverageSharesOutstanding": 328.5871,
        "dilutedEPS": 6.8362,
        "ebit": 2413.19,
        "gainLossOnDispositionOfAssets": 206.855,
        "grossIncome": 4145.725,
        "interestExpense": 795.712,
        "interestIncomeExpense": 157.702,
        "minorityInterest": -319.076,
        "netIncome": 2246.294,
        "netIncomeAfterTaxes": 2568.707,
        "nonRecurringItems": -51.841,
        "otherOperatingExpensesTotal": 140.518,
        "period": "2021-12-31",
        "pretaxIncome": 2568.707,
        "revenue": 5116.789,
        "sgaExpense": 329.302,
        "totalOperatingExpense": 1732.535,
        "totalOtherIncomeExpenseNet": -157.199,
        "year": 2021
      },
      {
        "costOfGoodsSold": 887.2,
        "depreciationAmortization": 1318,
        "dilutedAverageSharesOutstanding": 308.7,
        "dilutedEPS": 3.59,
        "ebit": 1971.8,
        "gainLossOnDispositionOfAssets": -115,
        "grossIncome": 3720.3,
        "interestExpense": 784.4,
        "interestIncomeExpense": -584.2,
        "minorityInterest": -164.8,
        "netIncome": 1109.2,
        "netIncomeAfterTaxes": 1277.3,
        "otherOperatingExpensesTotal": 137.7,
        "period": "2020-12-31",
        "pretaxIncome": 1277.3,
        "revenue": 4607.5,
        "sgaExpense": 292.9,
        "totalOperatingExpense": 1748.5,
        "totalOtherIncomeExpenseNet": 4.6,
        "year": 2020
      },
      {
        "costOfGoodsSold": 1021.6,
        "depreciationAmortization": 1340.5,
        "dilutedAverageSharesOutstanding": 308,
        "dilutedEPS": 6.81,
        "ebit": 2907.9,
        "grossIncome": 4733.5,
        "interestExpense": 789.353,
        "interestIncomeExpense": -353.2,
        "minorityInterest": -321.6,
        "netIncome": 2098.2,
        "netIncomeAfterTaxes": 2423.2,
        "nonRecurringItems": -101.4,
        "otherOperatingExpensesTotal": 109.9,
        "period": "2019-12-31",
        "pretaxIncome": 2423.2,
        "revenue": 5755.2,
        "sgaExpense": 375.3,
        "totalOperatingExpense": 1825.7,
        "totalOtherIncomeExpenseNet": -30.1,
        "year": 2019
      },
      {
        "costOfGoodsSold": 1008,
        "depreciationAmortization": 1282.5,
        "dilutedAverageSharesOutstanding": 309.6,
        "dilutedEPS": 7.87,
        "ebit": 2926.3,
        "grossIncome": 4637.3,
        "interestExpense": 815.923,
        "interestIncomeExpense": -355.9,
        "minorityInterest": -382.3,
        "netIncome": 2436.7,
        "netIncomeAfterTaxes": 2822.3,
        "nonRecurringItems": 288.8,
        "otherOperatingExpensesTotal": 94.1,
        "period": "2018-12-31",
        "pretaxIncome": 2822.3,
        "revenue": 5645.3,
        "sgaExpense": 334.5,
        "totalOperatingExpense": 1711,
        "totalOtherIncomeExpenseNet": -36.9,
        "year": 2018
      },
      {
        "costOfGoodsSold": 980.1,
        "depreciationAmortization": 1275.5,
        "dilutedAverageSharesOutstanding": 311.5,
        "dilutedEPS": 6.24,
        "ebit": 2802.4,
        "grossIncome": 4547.3,
        "interestExpense": 809.393,
        "interestIncomeExpense": -409.1,
        "minorityInterest": -296.9,
        "netIncome": 1944.6,
        "netIncomeAfterTaxes": 2244.9,
        "nonRecurringItems": -125,
        "otherOperatingExpensesTotal": 131.5,
        "period": "2017-12-31",
        "pretaxIncome": 2244.9,
        "revenue": 5527.3,
        "sgaExpense": 338,
        "totalOperatingExpense": 1744.9,
        "totalOtherIncomeExpenseNet": -23.3,
        "year": 2017
      },
      {
        "costOfGoodsSold": 971.1,
        "depreciationAmortization": 1252.7,
        "dilutedAverageSharesOutstanding": 312.7,
        "dilutedEPS": 5.87,
        "ebit": 2720.8,
        "grossIncome": 4464.1,
        "interestExpense": 857.554,
        "interestIncomeExpense": -504.2,
        "minorityInterest": -295.8,
        "netIncome": 1835.6,
        "netIncomeAfterTaxes": 2134.7,
        "nonRecurringItems": -52.2,
        "otherOperatingExpensesTotal": 85.5,
        "period": "2016-12-31",
        "pretaxIncome": 2134.7,
        "revenue": 5435.2,
        "sgaExpense": 405.1,
        "totalOperatingExpense": 1743.3,
        "totalOtherIncomeExpenseNet": -29.7,
        "year": 2016
      },
      {
        "costOfGoodsSold": 960.2,
        "depreciationAmortization": 1177.6,
        "dilutedAverageSharesOutstanding": 310.1,
        "dilutedEPS": 5.88,
        "ebit": 2668.8,
        "grossIncome": 4305.9,
        "interestExpense": 923.697,
        "interestIncomeExpense": -638.9,
        "minorityInterest": -311.7,
        "netIncome": 1824.4,
        "netIncomeAfterTaxes": 2139.4,
        "nonRecurringItems": 129.6,
        "otherOperatingExpensesTotal": 70.6,
        "period": "2015-12-31",
        "pretaxIncome": 2139.4,
        "revenue": 5266.1,
        "sgaExpense": 388.9,
        "totalOperatingExpense": 1637.1,
        "totalOtherIncomeExpenseNet": -20.2,
        "year": 2015
      }
    ],
    "symbol": "SPG"
  }
}