{
  "symbol": "ABT",
  "statement": "ic",
  "frequency": "annual",
  "timestamp": "2025-09-19T14:33:40.467994",
  "data": {
    "financials": [
      {
        "costOfGoodsSold": 18644,
        "depreciationAmortization": 1878,
        "dilutedAverageSharesOutstanding": 1748,
        "dilutedEPS": 7.67,
        "ebit": 6993,
        "grossIncome": 23306,
        "interestExpense": 559,
        "interestIncomeExpense": -188,
        "netIncome": 13402,
        "netIncomeAfterTaxes": 13402,
        "nonRecurringItems": -350,
        "period": "2024-12-31",
        "pretaxIncome": 7013,
        "provisionforIncomeTaxes": -6389,
        "researchDevelopment": 2784,
        "revenue": 41950,
        "sgaExpense": 11651,
        "totalOperatingExpense": 16313,
        "totalOtherIncomeExpenseNet": 558,
        "year": 2024
      },
      {
        "costOfGoodsSold": 17919,
        "depreciationAmortization": 1966,
        "dilutedAverageSharesOutstanding": 1749,
        "dilutedEPS": 3.27,
        "ebit": 6722,
        "grossIncome": 22190,
        "interestExpense": 637,
        "interestIncomeExpense": -293,
        "netIncome": 5723,
        "netIncomeAfterTaxes": 5723,
        "nonRecurringItems": -283,
        "period": "2023-12-31",
        "pretaxIncome": 6664,
        "provisionforIncomeTaxes": 941,
        "researchDevelopment": 2619,
        "revenue": 40109,
        "sgaExpense": 10883,
        "totalOperatingExpense": 15468,
        "totalOtherIncomeExpenseNet": 518,
        "year": 2023
      },
      {
        "costOfGoodsSold": 19083,
        "depreciationAmortization": 2013,
        "dilutedAverageSharesOutstanding": 1764,
        "dilutedEPS": 3.93,
        "ebit": 8707,
        "grossIncome": 24570,
        "interestExpense": 558,
        "interestIncomeExpense": -377,
        "netIncome": 6933,
        "netIncomeAfterTaxes": 6933,
        "nonRecurringItems": -390,
        "period": "2022-12-31",
        "pretaxIncome": 8306,
        "provisionforIncomeTaxes": 1373,
        "researchDevelopment": 2741,
        "revenue": 43653,
        "sgaExpense": 11109,
        "totalOperatingExpense": 15863,
        "totalOtherIncomeExpenseNet": 366,
        "year": 2022
      },
      {
        "costOfGoodsSold": 18490,
        "depreciationAmortization": 2047,
        "dilutedAverageSharesOutstanding": 1789,
        "dilutedEPS": 3.95,
        "ebit": 8588,
        "grossIncome": 24585,
        "interestExpense": 533,
        "interestIncomeExpense": -491,
        "netIncome": 7071,
        "netIncomeAfterTaxes": 7071,
        "nonRecurringItems": -163,
        "period": "2021-12-31",
        "pretaxIncome": 8211,
        "provisionforIncomeTaxes": 1140,
        "researchDevelopment": 2733,
        "revenue": 43075,
        "sgaExpense": 11217,
        "totalOperatingExpense": 15997,
        "totalOtherIncomeExpenseNet": 277,
        "year": 2021
      },
      {
        "costOfGoodsSold": 14967,
        "depreciationAmortization": 2132,
        "dilutedAverageSharesOutstanding": 1786,
        "dilutedEPS": 2.52,
        "ebit": 5430,
        "grossIncome": 19641,
        "interestExpense": 546,
        "interestIncomeExpense": -492,
        "netIncome": 4495,
        "netIncomeAfterTaxes": 4497,
        "nonRecurringItems": 42,
        "period": "2020-12-31",
        "pretaxIncome": 4968,
        "provisionforIncomeTaxes": 471,
        "researchDevelopment": 2403,
        "revenue": 34608,
        "sgaExpense": 9676,
        "totalOperatingExpense": 14211,
        "totalOtherIncomeExpenseNet": -12,
        "year": 2020
      },
      {
        "costOfGoodsSold": 13196,
        "depreciationAmortization": 1936,
        "dilutedAverageSharesOutstanding": 1781,
        "dilutedEPS": 2.07,
        "ebit": 4670,
        "grossIncome": 18708,
        "interestExpense": 670,
        "interestIncomeExpense": -583,
        "netIncome": 3687,
        "netIncomeAfterTaxes": 3601,
        "nonRecurringItems": -201,
        "period": "2019-12-31",
        "pretaxIncome": 4077,
        "provisionforIncomeTaxes": 476,
        "researchDevelopment": 2408,
        "revenue": 31904,
        "sgaExpense": 9694,
        "totalOperatingExpense": 14038,
        "totalOtherIncomeExpenseNet": 191,
        "year": 2019
      },
      {
        "costOfGoodsSold": 12691,
        "depreciationAmortization": 2178,
        "dilutedAverageSharesOutstanding": 1770,
        "dilutedEPS": 1.33,
        "ebit": 3730,
        "grossIncome": 17887,
        "interestExpense": 826,
        "interestIncomeExpense": -749,
        "netIncome": 2368,
        "netIncomeAfterTaxes": 2464,
        "nonRecurringItems": -247,
        "period": "2018-12-31",
        "pretaxIncome": 2873,
        "provisionforIncomeTaxes": 409,
        "researchDevelopment": 2288,
        "revenue": 30578,
        "sgaExpense": 9691,
        "totalOperatingExpense": 14157,
        "totalOtherIncomeExpenseNet": 139,
        "year": 2018
      },
      {
        "costOfGoodsSold": 12397,
        "depreciationAmortization": 1975,
        "dilutedAverageSharesOutstanding": 1749,
        "dilutedEPS": 0.27,
        "ebit": 1871,
        "grossIncome": 14993,
        "interestExpense": 904,
        "interestIncomeExpense": -746,
        "netIncome": 477,
        "netIncomeAfterTaxes": 1813,
        "nonRecurringItems": -307,
        "period": "2017-12-31",
        "pretaxIncome": 2231,
        "provisionforIncomeTaxes": 418,
        "researchDevelopment": 2183,
        "revenue": 27390,
        "sgaExpense": 8964,
        "totalOperatingExpense": 13122,
        "totalOtherIncomeExpenseNet": 1413,
        "year": 2017
      },
      {
        "costOfGoodsSold": 9085,
        "depreciationAmortization": 550,
        "dilutedAverageSharesOutstanding": 1483,
        "dilutedEPS": 0.94,
        "ebit": 3058,
        "grossIncome": 11768,
        "interestExpense": 431,
        "interestIncomeExpense": -827,
        "netIncome": 1400,
        "netIncomeAfterTaxes": 1063,
        "nonRecurringItems": -32,
        "period": "2016-12-31",
        "pretaxIncome": 1413,
        "provisionforIncomeTaxes": 350,
        "researchDevelopment": 1442,
        "revenue": 20853,
        "sgaExpense": 6718,
        "totalOperatingExpense": 8710,
        "totalOtherIncomeExpenseNet": -786,
        "year": 2016
      },
      {
        "costOfGoodsSold": 8729,
        "depreciationAmortization": 601,
        "dilutedAverageSharesOutstanding": 1506,
        "dilutedEPS": 2.93,
        "ebit": 2962,
        "grossIncome": 11676,
        "interestExpense": 163,
        "interestIncomeExpense": 35,
        "netIncome": 4423,
        "netIncomeAfterTaxes": 2606,
        "nonRecurringItems": -95,
        "period": "2015-12-31",
        "pretaxIncome": 3183,
        "provisionforIncomeTaxes": 577,
        "researchDevelopment": 1371,
        "revenue": 20405,
        "sgaExpense": 6742,
        "totalOperatingExpense": 8714,
        "totalOtherIncomeExpenseNet": 281,
        "year": 2015
      }
    ],
    "symbol": "ABT"
  }
}