{
  "symbol": "HON",
  "statement": "ic",
  "frequency": "annual",
  "timestamp": "2025-09-19T14:01:35.994944",
  "data": {
    "financials": [
      {
        "costOfGoodsSold": 23836,
        "dilutedAverageSharesOutstanding": 655.3,
        "dilutedEPS": 8.71,
        "ebit": 8073,
        "grossIncome": 14662,
        "interestExpense": 1058,
        "interestIncomeExpense": -623,
        "minorityInterest": -35,
        "netIncome": 5705,
        "netIncomeAfterTaxes": 5740,
        "nonRecurringItems": -237,
        "otherOperatingExpensesTotal": -413,
        "period": "2024-12-31",
        "pretaxIncome": 7213,
        "provisionforIncomeTaxes": 1473,
        "researchDevelopment": 1536,
        "revenue": 38498,
        "sgaExpense": 5466,
        "totalOperatingExpense": 6589,
        "year": 2024
      },
      {
        "costOfGoodsSold": 22995,
        "dilutedAverageSharesOutstanding": 668.2,
        "dilutedEPS": 8.47,
        "ebit": 7515,
        "grossIncome": 13667,
        "interestExpense": 765,
        "interestIncomeExpense": -353,
        "minorityInterest": -14,
        "netIncome": 5658,
        "netIncomeAfterTaxes": 5672,
        "nonRecurringItems": -3,
        "otherOperatingExpensesTotal": -431,
        "period": "2023-12-31",
        "pretaxIncome": 7159,
        "provisionforIncomeTaxes": 1487,
        "researchDevelopment": 1456,
        "revenue": 36662,
        "sgaExpense": 5127,
        "totalOperatingExpense": 6152,
        "year": 2023
      },
      {
        "costOfGoodsSold": 23825,
        "dilutedAverageSharesOutstanding": 683.1,
        "dilutedEPS": 7.27,
        "ebit": 7052,
        "grossIncome": 11641,
        "interestExpense": 414,
        "interestIncomeExpense": -263,
        "minorityInterest": -1,
        "netIncome": 4966,
        "netIncomeAfterTaxes": 4967,
        "nonRecurringItems": -410,
        "otherOperatingExpensesTotal": -625,
        "period": "2022-12-31",
        "pretaxIncome": 6379,
        "provisionforIncomeTaxes": 1412,
        "revenue": 35466,
        "sgaExpense": 5214,
        "totalOperatingExpense": 4589,
        "year": 2022
      },
      {
        "costOfGoodsSold": 23394,
        "dilutedAverageSharesOutstanding": 700.4,
        "dilutedEPS": 7.91,
        "ebit": 7492,
        "grossIncome": 10998,
        "interestExpense": 343,
        "interestIncomeExpense": -199,
        "minorityInterest": -68,
        "netIncome": 5542,
        "netIncomeAfterTaxes": 5610,
        "nonRecurringItems": -58,
        "otherOperatingExpensesTotal": -1292,
        "period": "2021-12-31",
        "pretaxIncome": 7235,
        "provisionforIncomeTaxes": 1625,
        "revenue": 34392,
        "sgaExpense": 4798,
        "totalOperatingExpense": 3506,
        "year": 2021
      },
      {
        "costOfGoodsSold": 22169,
        "dilutedAverageSharesOutstanding": 711.2,
        "dilutedEPS": 6.72,
        "ebit": 6642,
        "grossIncome": 10468,
        "interestExpense": 359,
        "interestIncomeExpense": -118,
        "minorityInterest": -86,
        "netIncome": 4779,
        "netIncomeAfterTaxes": 4865,
        "nonRecurringItems": -512,
        "otherOperatingExpensesTotal": -946,
        "period": "2020-12-31",
        "pretaxIncome": 6012,
        "provisionforIncomeTaxes": 1147,
        "revenue": 32637,
        "sgaExpense": 4772,
        "totalOperatingExpense": 3826,
        "year": 2020
      },
      {
        "costOfGoodsSold": 24339,
        "dilutedAverageSharesOutstanding": 730.3,
        "dilutedEPS": 8.41,
        "ebit": 7490,
        "grossIncome": 12370,
        "interestExpense": 357,
        "interestIncomeExpense": 70,
        "minorityInterest": -87,
        "netIncome": 6143,
        "netIncomeAfterTaxes": 5949,
        "nonRecurringItems": -1,
        "otherOperatingExpensesTotal": -639,
        "period": "2019-12-31",
        "pretaxIncome": 7559,
        "provisionforIncomeTaxes": 1610,
        "revenue": 36709,
        "sgaExpense": 5519,
        "totalOperatingExpense": 4880,
        "year": 2019
      },
      {
        "costOfGoodsSold": 29046,
        "dilutedAverageSharesOutstanding": 753,
        "dilutedEPS": 8.98,
        "ebit": 7451,
        "grossIncome": 12756,
        "interestExpense": 367,
        "interestIncomeExpense": 357,
        "minorityInterest": -63,
        "netIncome": 6765,
        "netIncomeAfterTaxes": 6388,
        "nonRecurringItems": -321,
        "otherOperatingExpensesTotal": -746,
        "period": "2018-12-31",
        "pretaxIncome": 7487,
        "provisionforIncomeTaxes": 1099,
        "revenue": 41802,
        "sgaExpense": 6051,
        "totalOperatingExpense": 5305,
        "year": 2018
      },
      {
        "costOfGoodsSold": 28144,
        "dilutedAverageSharesOutstanding": 772.1,
        "dilutedEPS": 2,
        "ebit": 6910,
        "grossIncome": 12390,
        "interestExpense": 316,
        "interestIncomeExpense": 63,
        "minorityInterest": -43,
        "netIncome": 1545,
        "netIncomeAfterTaxes": 4608,
        "nonRecurringItems": -23,
        "otherOperatingExpensesTotal": -607,
        "period": "2017-12-31",
        "pretaxIncome": 6950,
        "provisionforIncomeTaxes": 2342,
        "revenue": 40534,
        "sgaExpense": 6087,
        "totalOperatingExpense": 5480,
        "year": 2017
      },
      {
        "costOfGoodsSold": 27677,
        "dilutedAverageSharesOutstanding": 775.3,
        "dilutedEPS": 6.21,
        "ebit": 6255,
        "grossIncome": 11625,
        "interestExpense": 338,
        "interestIncomeExpense": 19,
        "minorityInterest": -37,
        "netIncome": 4812,
        "netIncomeAfterTaxes": 4849,
        "nonRecurringItems": 178,
        "otherOperatingExpensesTotal": -204,
        "period": "2016-12-31",
        "pretaxIncome": 6452,
        "provisionforIncomeTaxes": 1603,
        "revenue": 39302,
        "sgaExpense": 5574,
        "totalOperatingExpense": 5370,
        "year": 2016
      },
      {
        "costOfGoodsSold": 26747,
        "dilutedAverageSharesOutstanding": 789.3,
        "dilutedEPS": 6.04,
        "ebit": 6806,
        "grossIncome": 11834,
        "interestExpense": 330,
        "interestIncomeExpense": -239,
        "minorityInterest": -79,
        "netIncome": 4768,
        "netIncomeAfterTaxes": 4847,
        "nonRecurringItems": 19,
        "otherOperatingExpensesTotal": 22,
        "period": "2015-12-31",
        "pretaxIncome": 6586,
        "provisionforIncomeTaxes": 1739,
        "revenue": 38581,
        "sgaExpense": 5006,
        "totalOperatingExpense": 5028,
        "year": 2015
      }
    ],
    "symbol": "HON"
  }
}