{
  "symbol": "GILD",
  "statement": "ic",
  "frequency": "annual",
  "timestamp": "2025-09-19T14:01:08.783987",
  "data": {
    "financials": [
      {
        "costOfGoodsSold": 6251,
        "dilutedAverageSharesOutstanding": 1255,
        "dilutedEPS": 0.3825,
        "ebit": 10828,
        "grossIncome": 22503,
        "interestExpense": 977,
        "interestIncomeExpense": -970,
        "minorityInterest": 0,
        "netIncome": 480,
        "netIncomeAfterTaxes": 479,
        "nonRecurringItems": -9166,
        "period": "2024-12-31",
        "pretaxIncome": 690,
        "provisionforIncomeTaxes": 211,
        "researchDevelopment": 5742,
        "revenue": 28754,
        "sgaExpense": 5933,
        "totalOperatingExpense": 11675,
        "totalOtherIncomeExpenseNet": -2,
        "year": 2024
      },
      {
        "costOfGoodsSold": 6019,
        "dilutedAverageSharesOutstanding": 1258,
        "dilutedEPS": 4.5032,
        "ebit": 9862,
        "grossIncome": 21097,
        "interestExpense": 944,
        "interestIncomeExpense": -1004,
        "minorityInterest": 52,
        "netIncome": 5665,
        "netIncomeAfterTaxes": 5612,
        "nonRecurringItems": -2257,
        "period": "2023-12-31",
        "pretaxIncome": 6859,
        "provisionforIncomeTaxes": 1247,
        "researchDevelopment": 5698,
        "revenue": 27116,
        "sgaExpense": 5537,
        "totalOperatingExpense": 11235,
        "totalOtherIncomeExpenseNet": 258,
        "year": 2023
      },
      {
        "costOfGoodsSold": 5657,
        "dilutedAverageSharesOutstanding": 1262,
        "dilutedEPS": 3.64,
        "ebit": 10030,
        "grossIncome": 21624,
        "interestExpense": 935,
        "interestIncomeExpense": -1592,
        "minorityInterest": 26,
        "netIncome": 4592,
        "netIncomeAfterTaxes": 4566,
        "nonRecurringItems": -2700,
        "period": "2022-12-31",
        "pretaxIncome": 5814,
        "provisionforIncomeTaxes": 1248,
        "researchDevelopment": 5921,
        "revenue": 27281,
        "sgaExpense": 5673,
        "totalOperatingExpense": 11594,
        "totalOtherIncomeExpenseNet": 76,
        "year": 2022
      },
      {
        "costOfGoodsSold": 6601,
        "dilutedAverageSharesOutstanding": 1262,
        "dilutedEPS": 4.93,
        "ebit": 9918,
        "grossIncome": 20704,
        "interestExpense": 1001,
        "interestIncomeExpense": -1611,
        "minorityInterest": 24,
        "netIncome": 6225,
        "netIncomeAfterTaxes": 6201,
        "period": "2021-12-31",
        "pretaxIncome": 8278,
        "provisionforIncomeTaxes": 2077,
        "researchDevelopment": 5540,
        "revenue": 27305,
        "sgaExpense": 5246,
        "totalOperatingExpense": 10786,
        "totalOtherIncomeExpenseNet": -29,
        "year": 2021
      },
      {
        "costOfGoodsSold": 4572,
        "dilutedAverageSharesOutstanding": 1263,
        "dilutedEPS": 0.1,
        "ebit": 4071,
        "grossIncome": 20117,
        "interestExpense": 984,
        "interestIncomeExpense": -2684,
        "minorityInterest": 34,
        "netIncome": 123,
        "netIncomeAfterTaxes": 89,
        "period": "2020-12-31",
        "pretaxIncome": 1669,
        "provisionforIncomeTaxes": 1580,
        "researchDevelopment": 10895,
        "revenue": 24689,
        "sgaExpense": 5151,
        "totalOperatingExpense": 16046,
        "totalOtherIncomeExpenseNet": 282,
        "year": 2020
      },
      {
        "costOfGoodsSold": 4675,
        "dilutedAverageSharesOutstanding": 1277,
        "dilutedEPS": 4.22,
        "ebit": 4459,
        "grossIncome": 17774,
        "interestExpense": 995,
        "interestIncomeExpense": 227,
        "minorityInterest": 22,
        "netIncome": 5386,
        "netIncomeAfterTaxes": 5364,
        "nonRecurringItems": -172,
        "period": "2019-12-31",
        "pretaxIncome": 5160,
        "provisionforIncomeTaxes": -204,
        "researchDevelopment": 8934,
        "revenue": 22449,
        "sgaExpense": 4381,
        "totalOperatingExpense": 13315,
        "totalOtherIncomeExpenseNet": 646,
        "year": 2019
      },
      {
        "costOfGoodsSold": 4853,
        "dilutedAverageSharesOutstanding": 1308,
        "dilutedEPS": 4.17,
        "ebit": 8372,
        "grossIncome": 17274,
        "interestExpense": 1077,
        "interestIncomeExpense": -964,
        "minorityInterest": -5,
        "netIncome": 5455,
        "netIncomeAfterTaxes": 5464,
        "nonRecurringItems": -172,
        "period": "2018-12-31",
        "pretaxIncome": 7799,
        "provisionforIncomeTaxes": 2335,
        "researchDevelopment": 4846,
        "revenue": 22127,
        "sgaExpense": 4056,
        "totalOperatingExpense": 8902,
        "totalOtherIncomeExpenseNet": 563,
        "year": 2018
      },
      {
        "costOfGoodsSold": 4371,
        "dilutedAverageSharesOutstanding": 1319,
        "dilutedEPS": 3.5,
        "ebit": 14394,
        "grossIncome": 21736,
        "interestExpense": 1118,
        "interestIncomeExpense": -1190,
        "minorityInterest": -16,
        "netIncome": 4628,
        "netIncomeAfterTaxes": 10136,
        "nonRecurringItems": -270,
        "period": "2017-12-31",
        "pretaxIncome": 13529,
        "provisionforIncomeTaxes": 3393,
        "researchDevelopment": 3512,
        "revenue": 26107,
        "sgaExpense": 3830,
        "totalOperatingExpense": 7342,
        "totalOtherIncomeExpenseNet": 595,
        "year": 2017
      },
      {
        "costOfGoodsSold": 4261,
        "dilutedAverageSharesOutstanding": 1358,
        "dilutedEPS": 9.94,
        "ebit": 18465,
        "grossIncome": 26129,
        "interestExpense": 964,
        "interestIncomeExpense": -790,
        "minorityInterest": 13,
        "netIncome": 13501,
        "netIncomeAfterTaxes": 13488,
        "nonRecurringItems": -832,
        "period": "2016-12-31",
        "pretaxIncome": 17097,
        "provisionforIncomeTaxes": 3609,
        "researchDevelopment": 4266,
        "revenue": 30390,
        "sgaExpense": 3398,
        "totalOperatingExpense": 7664,
        "totalOtherIncomeExpenseNet": 254,
        "year": 2016
      },
      {
        "costOfGoodsSold": 4006,
        "dilutedAverageSharesOutstanding": 1521,
        "dilutedEPS": 11.91,
        "ebit": 22189,
        "grossIncome": 28633,
        "interestExpense": 688,
        "interestIncomeExpense": -558,
        "minorityInterest": 2,
        "netIncome": 18108,
        "netIncomeAfterTaxes": 18106,
        "nonRecurringItems": 4,
        "period": "2015-12-31",
        "pretaxIncome": 21659,
        "provisionforIncomeTaxes": 3553,
        "researchDevelopment": 3018,
        "revenue": 32639,
        "sgaExpense": 3426,
        "totalOperatingExpense": 6444,
        "totalOtherIncomeExpenseNet": 24,
        "year": 2015
      }
    ],
    "symbol": "GILD"
  }
}