{
  "symbol": "MPC",
  "statement": "ic",
  "frequency": "annual",
  "timestamp": "2025-09-19T14:03:28.259152",
  "data": {
    "financials": [
      {
        "costOfGoodsSold": 126240,
        "depreciationAmortization": 3337,
        "dilutedAverageSharesOutstanding": 341,
        "dilutedEPS": 10.0938,
        "ebit": 6768,
        "grossIncome": 14144,
        "interestExpense": 1308,
        "interestIncomeExpense": -841,
        "minorityInterest": -1622,
        "netIncome": 3442,
        "netIncomeAfterTaxes": 5067,
        "nonRecurringItems": 28,
        "period": "2024-12-31",
        "pretaxIncome": 5957,
        "provisionforIncomeTaxes": 890,
        "revenue": 140384,
        "sgaExpense": 4039,
        "totalOperatingExpense": 7376,
        "totalOtherIncomeExpenseNet": 2,
        "year": 2024
      },
      {
        "costOfGoodsSold": 128566,
        "depreciationAmortization": 3307,
        "dilutedAverageSharesOutstanding": 409,
        "dilutedEPS": 23.6479,
        "ebit": 14297,
        "grossIncome": 21524,
        "interestExpense": 1265,
        "interestIncomeExpense": -593,
        "minorityInterest": -1491,
        "netIncome": 9672,
        "netIncomeAfterTaxes": 11172,
        "nonRecurringItems": 208,
        "period": "2023-12-31",
        "pretaxIncome": 13989,
        "provisionforIncomeTaxes": 2817,
        "revenue": 150090,
        "sgaExpense": 3920,
        "totalOperatingExpense": 7227,
        "totalOtherIncomeExpenseNet": 77,
        "year": 2023
      },
      {
        "costOfGoodsSold": 151671,
        "depreciationAmortization": 3215,
        "dilutedAverageSharesOutstanding": 516,
        "dilutedEPS": 28.11,
        "ebit": 20408,
        "grossIncome": 27220,
        "interestExpense": 1195,
        "interestIncomeExpense": -974,
        "minorityInterest": -1534,
        "netIncome": 14508,
        "netIncomeAfterTaxes": 15978,
        "nonRecurringItems": 1059,
        "period": "2022-12-31",
        "pretaxIncome": 20469,
        "provisionforIncomeTaxes": 4491,
        "revenue": 178891,
        "sgaExpense": 3597,
        "totalOperatingExpense": 6812,
        "totalOtherIncomeExpenseNet": -24,
        "year": 2022
      },
      {
        "costOfGoodsSold": 110008,
        "depreciationAmortization": 3308,
        "dilutedAverageSharesOutstanding": 638,
        "dilutedEPS": 15.26,
        "ebit": 4335,
        "grossIncome": 10901,
        "interestExpense": 1267,
        "interestIncomeExpense": -1253,
        "minorityInterest": -1263,
        "netIncome": 9736,
        "netIncomeAfterTaxes": 2553,
        "nonRecurringItems": -168,
        "period": "2021-12-31",
        "pretaxIncome": 2817,
        "provisionforIncomeTaxes": 264,
        "revenue": 120909,
        "sgaExpense": 3258,
        "totalOperatingExpense": 6566,
        "totalOtherIncomeExpenseNet": -97,
        "year": 2021
      },
      {
        "costOfGoodsSold": 65733,
        "depreciationAmortization": 3375,
        "dilutedAverageSharesOutstanding": 649,
        "dilutedEPS": -15.14,
        "ebit": -3524,
        "grossIncome": 3229,
        "interestExpense": 1333,
        "interestIncomeExpense": -1324,
        "minorityInterest": 151,
        "netIncome": -9827,
        "netIncomeAfterTaxes": -11182,
        "nonRecurringItems": -8714,
        "period": "2020-12-31",
        "pretaxIncome": -13612,
        "provisionforIncomeTaxes": -2430,
        "revenue": 68962,
        "sgaExpense": 3378,
        "totalOperatingExpense": 6753,
        "totalOtherIncomeExpenseNet": -50,
        "year": 2020
      },
      {
        "costOfGoodsSold": 99228,
        "depreciationAmortization": 3225,
        "dilutedAverageSharesOutstanding": 664,
        "dilutedEPS": 3.96,
        "ebit": 5381,
        "grossIncome": 12359,
        "interestExpense": 1231,
        "interestIncomeExpense": -1191,
        "minorityInterest": -618,
        "netIncome": 2636,
        "netIncomeAfterTaxes": 2449,
        "nonRecurringItems": -919,
        "period": "2019-12-31",
        "pretaxIncome": 3233,
        "provisionforIncomeTaxes": 784,
        "revenue": 111587,
        "sgaExpense": 3753,
        "totalOperatingExpense": 6978,
        "totalOtherIncomeExpenseNet": -38,
        "year": 2019
      },
      {
        "costOfGoodsSold": 77047,
        "depreciationAmortization": 2170,
        "dilutedAverageSharesOutstanding": 526,
        "dilutedEPS": 5.28,
        "ebit": 4684,
        "grossIncome": 9536,
        "interestExpense": 945,
        "interestIncomeExpense": -858,
        "minorityInterest": -826,
        "netIncome": 2779,
        "netIncomeAfterTaxes": 2933,
        "nonRecurringItems": -58,
        "period": "2018-12-31",
        "pretaxIncome": 3697,
        "provisionforIncomeTaxes": 764,
        "revenue": 86583,
        "sgaExpense": 2682,
        "totalOperatingExpense": 4852,
        "totalOtherIncomeExpenseNet": -71,
        "year": 2018
      },
      {
        "costOfGoodsSold": 67063,
        "depreciationAmortization": 2114,
        "dilutedAverageSharesOutstanding": 512,
        "dilutedEPS": 6.69,
        "ebit": 4120,
        "grossIncome": 8296,
        "interestExpense": 625,
        "interestIncomeExpense": -624,
        "minorityInterest": -372,
        "netIncome": 3430,
        "netIncomeAfterTaxes": 2304,
        "nonRecurringItems": -76,
        "period": "2017-12-31",
        "pretaxIncome": 3344,
        "provisionforIncomeTaxes": 1040,
        "revenue": 75359,
        "sgaExpense": 2062,
        "totalOperatingExpense": 4176,
        "totalOtherIncomeExpenseNet": -76,
        "year": 2017
      },
      {
        "costOfGoodsSold": 57018,
        "depreciationAmortization": 2001,
        "dilutedAverageSharesOutstanding": 530,
        "dilutedEPS": 2.21,
        "ebit": 2281,
        "grossIncome": 6314,
        "interestExpense": 538,
        "interestIncomeExpense": -699,
        "minorityInterest": -39,
        "netIncome": 1173,
        "netIncomeAfterTaxes": 1213,
        "nonRecurringItems": 272,
        "period": "2016-12-31",
        "pretaxIncome": 1822,
        "provisionforIncomeTaxes": 609,
        "revenue": 63332,
        "sgaExpense": 2032,
        "totalOperatingExpense": 4033,
        "totalOtherIncomeExpenseNet": -32,
        "year": 2016
      },
      {
        "costOfGoodsSold": 63877,
        "depreciationAmortization": 1646,
        "dilutedAverageSharesOutstanding": 542,
        "dilutedEPS": 5.25,
        "ebit": 4761,
        "grossIncome": 8374,
        "interestExpense": 288,
        "interestIncomeExpense": 6,
        "minorityInterest": -16,
        "netIncome": 2848,
        "netIncomeAfterTaxes": 2868,
        "nonRecurringItems": -368,
        "period": "2015-12-31",
        "pretaxIncome": 4374,
        "provisionforIncomeTaxes": 1506,
        "revenue": 72251,
        "sgaExpense": 1967,
        "totalOperatingExpense": 3613,
        "totalOtherIncomeExpenseNet": -25,
        "year": 2015
      }
    ],
    "symbol": "MPC"
  }
}