{
  "symbol": "CINF",
  "statement": "ic",
  "frequency": "annual",
  "timestamp": "2025-09-19T13:57:56.477747",
  "data": {
    "financials": [
      {
        "benefitsClaimsLossAdjustment": 8394,
        "dilutedAverageSharesOutstanding": 157.8,
        "dilutedEPS": 14.5247,
        "ebit": 2911,
        "grossPremiumsEarned": 8946,
        "interestExpense": 53,
        "interestIncomeExpense": -53,
        "netIncome": 2292,
        "netIncomeAfterTaxes": 2292,
        "otherOperatingExpensesTotal": 32,
        "period": "2024-12-31",
        "pretaxIncome": 2858,
        "provisionforIncomeTaxes": 566,
        "revenue": 11337,
        "totalOperatingExpense": 8426,
        "year": 2024
      },
      {
        "benefitsClaimsLossAdjustment": 7658,
        "dilutedAverageSharesOutstanding": 158.1,
        "dilutedEPS": 11.6572,
        "ebit": 2330,
        "grossPremiumsEarned": 8017,
        "interestExpense": 54,
        "interestIncomeExpense": -54,
        "netIncome": 1843,
        "netIncomeAfterTaxes": 1843,
        "otherOperatingExpensesTotal": 25,
        "period": "2023-12-31",
        "pretaxIncome": 2276,
        "provisionforIncomeTaxes": 433,
        "revenue": 10013,
        "totalOperatingExpense": 7683,
        "year": 2023
      },
      {
        "benefitsClaimsLossAdjustment": 7174,
        "dilutedAverageSharesOutstanding": 158.8,
        "dilutedEPS": -3.06,
        "ebit": -640,
        "grossPremiumsEarned": 7254,
        "interestExpense": 53,
        "interestIncomeExpense": -53,
        "netIncome": -486,
        "netIncomeAfterTaxes": -486,
        "otherOperatingExpensesTotal": 23,
        "period": "2022-12-31",
        "pretaxIncome": -693,
        "provisionforIncomeTaxes": -207,
        "revenue": 6557,
        "totalOperatingExpense": 7197,
        "year": 2022
      },
      {
        "benefitsClaimsLossAdjustment": 5887,
        "dilutedAverageSharesOutstanding": 162.7,
        "dilutedEPS": 18.11,
        "ebit": 3723,
        "grossPremiumsEarned": 6512,
        "interestExpense": 53,
        "interestIncomeExpense": -53,
        "netIncome": 2946,
        "netIncomeAfterTaxes": 2946,
        "otherOperatingExpensesTotal": 20,
        "period": "2021-12-31",
        "pretaxIncome": 3670,
        "provisionforIncomeTaxes": 724,
        "revenue": 9630,
        "totalOperatingExpense": 5907,
        "year": 2021
      },
      {
        "benefitsClaimsLossAdjustment": 5963,
        "dilutedAverageSharesOutstanding": 162.4,
        "dilutedEPS": 7.49,
        "ebit": 1553,
        "grossPremiumsEarned": 6009,
        "interestExpense": 54,
        "interestIncomeExpense": -54,
        "netIncome": 1216,
        "netIncomeAfterTaxes": 1216,
        "otherOperatingExpensesTotal": 20,
        "period": "2020-12-31",
        "pretaxIncome": 1499,
        "provisionforIncomeTaxes": 283,
        "revenue": 7536,
        "totalOperatingExpense": 5983,
        "year": 2020
      },
      {
        "benefitsClaimsLossAdjustment": 5376,
        "dilutedAverageSharesOutstanding": 165.1,
        "dilutedEPS": 12.1,
        "ebit": 2525,
        "grossPremiumsEarned": 5640,
        "interestExpense": 53,
        "interestIncomeExpense": -53,
        "netIncome": 1997,
        "netIncomeAfterTaxes": 1997,
        "otherOperatingExpensesTotal": 23,
        "period": "2019-12-31",
        "pretaxIncome": 2472,
        "provisionforIncomeTaxes": 475,
        "revenue": 7924,
        "totalOperatingExpense": 5399,
        "year": 2019
      },
      {
        "benefitsClaimsLossAdjustment": 5087,
        "dilutedAverageSharesOutstanding": 164.5,
        "dilutedEPS": 1.74,
        "ebit": 304,
        "grossPremiumsEarned": 5195,
        "interestExpense": 53,
        "interestIncomeExpense": -53,
        "netIncome": 287,
        "netIncomeAfterTaxes": 287,
        "otherOperatingExpensesTotal": 16,
        "period": "2018-12-31",
        "pretaxIncome": 251,
        "provisionforIncomeTaxes": -36,
        "revenue": 5407,
        "totalOperatingExpense": 5103,
        "year": 2018
      },
      {
        "benefitsClaimsLossAdjustment": 4936,
        "dilutedAverageSharesOutstanding": 166,
        "dilutedEPS": 6.29,
        "ebit": 783,
        "grossPremiumsEarned": 4979,
        "interestExpense": 53,
        "interestIncomeExpense": -53,
        "netIncome": 1045,
        "netIncomeAfterTaxes": 550,
        "otherOperatingExpensesTotal": 13,
        "period": "2017-12-31",
        "pretaxIncome": 730,
        "provisionforIncomeTaxes": 180,
        "revenue": 5732,
        "totalOperatingExpense": 4949,
        "year": 2017
      },
      {
        "benefitsClaimsLossAdjustment": 4572,
        "dilutedAverageSharesOutstanding": 166.5,
        "dilutedEPS": 3.55,
        "ebit": 865,
        "grossPremiumsEarned": 4733,
        "interestExpense": 53,
        "interestIncomeExpense": -53,
        "netIncome": 591,
        "netIncomeAfterTaxes": 591,
        "otherOperatingExpensesTotal": 12,
        "period": "2016-12-31",
        "pretaxIncome": 812,
        "provisionforIncomeTaxes": 221,
        "revenue": 5449,
        "totalOperatingExpense": 4584,
        "year": 2016
      },
      {
        "benefitsClaimsLossAdjustment": 4195,
        "dilutedAverageSharesOutstanding": 165.6,
        "dilutedEPS": 3.83,
        "ebit": 934,
        "grossPremiumsEarned": 4503,
        "interestExpense": 53,
        "interestIncomeExpense": -53,
        "netIncome": 634,
        "netIncomeAfterTaxes": 634,
        "otherOperatingExpensesTotal": 13,
        "period": "2015-12-31",
        "pretaxIncome": 881,
        "provisionforIncomeTaxes": 247,
        "revenue": 5142,
        "totalOperatingExpense": 4208,
        "year": 2015
      }
    ],
    "symbol": "CINF"
  }
}