{
  "symbol": "SPGI",
  "statement": "ic",
  "frequency": "quarterly",
  "timestamp": "2025-09-19T14:06:26.604034",
  "data": {
    "financials": [
      {
        "costOfGoodsSold": 2218,
        "dilutedAverageSharesOutstanding": 306.1,
        "dilutedEPS": 3.5,
        "ebit": 1537,
        "grossIncome": 1537,
        "interestExpense": 77,
        "interestIncomeExpense": -66,
        "minorityInterest": -88,
        "netIncome": 1072,
        "netIncomeAfterTaxes": 1160,
        "nonRecurringItems": 3,
        "period": "2025-06-30",
        "pretaxIncome": 1502,
        "provisionforIncomeTaxes": 342,
        "revenue": 3755,
        "totalOperatingExpense": 0,
        "totalOtherIncomeExpenseNet": 28
      },
      {
        "costOfGoodsSold": 1153,
        "depreciationAmortization": 293,
        "dilutedAverageSharesOutstanding": 307.7,
        "dilutedEPS": 3.54,
        "ebit": 1628,
        "grossIncome": 2624,
        "interestExpense": 78,
        "interestIncomeExpense": -77,
        "minorityInterest": -81,
        "netIncome": 1090,
        "netIncomeAfterTaxes": 1171,
        "nonRecurringItems": -61,
        "period": "2025-03-31",
        "pretaxIncome": 1496,
        "provisionforIncomeTaxes": 325,
        "revenue": 3777,
        "sgaExpense": 703,
        "totalOperatingExpense": 996,
        "totalOtherIncomeExpenseNet": 6
      },
      {
        "costOfGoodsSold": 1114,
        "depreciationAmortization": 300,
        "dilutedAverageSharesOutstanding": 308.9,
        "dilutedEPS": 2.85,
        "ebit": 1376,
        "grossIncome": 2478,
        "interestExpense": 70,
        "interestIncomeExpense": -57,
        "minorityInterest": -87,
        "netIncome": 880,
        "netIncomeAfterTaxes": 967,
        "nonRecurringItems": -79,
        "period": "2024-12-31",
        "pretaxIncome": 1254,
        "provisionforIncomeTaxes": 287,
        "revenue": 3592,
        "sgaExpense": 802,
        "totalOperatingExpense": 1102,
        "totalOtherIncomeExpenseNet": 14
      },
      {
        "costOfGoodsSold": 1072,
        "depreciationAmortization": 293,
        "dilutedAverageSharesOutstanding": 311.5,
        "dilutedEPS": 3.12,
        "ebit": 1441,
        "grossIncome": 2503,
        "interestExpense": 72,
        "interestIncomeExpense": -61,
        "minorityInterest": -76,
        "netIncome": 971,
        "netIncomeAfterTaxes": 1047,
        "nonRecurringItems": -18,
        "period": "2024-09-30",
        "pretaxIncome": 1360,
        "provisionforIncomeTaxes": 313,
        "revenue": 3575,
        "sgaExpense": 769,
        "totalOperatingExpense": 1062,
        "totalOtherIncomeExpenseNet": -2
      },
      {
        "costOfGoodsSold": 1085,
        "depreciationAmortization": 291,
        "dilutedAverageSharesOutstanding": 313.2,
        "dilutedEPS": 3.23,
        "ebit": 1507,
        "grossIncome": 2464,
        "interestExpense": 77,
        "interestIncomeExpense": -67,
        "minorityInterest": -74,
        "netIncome": 1011,
        "netIncomeAfterTaxes": 1085,
        "nonRecurringItems": -68,
        "period": "2024-06-30",
        "pretaxIncome": 1378,
        "provisionforIncomeTaxes": 293,
        "revenue": 3549,
        "sgaExpense": 666,
        "totalOperatingExpense": 957,
        "totalOtherIncomeExpenseNet": 6
      },
      {
        "costOfGoodsSold": 1120,
        "depreciationAmortization": 287,
        "dilutedAverageSharesOutstanding": 314,
        "dilutedEPS": 3.16,
        "ebit": 1456,
        "grossIncome": 2371,
        "interestExpense": 78,
        "interestIncomeExpense": -69,
        "minorityInterest": -77,
        "netIncome": 991,
        "netIncomeAfterTaxes": 1068,
        "nonRecurringItems": -77,
        "period": "2024-03-31",
        "pretaxIncome": 1316,
        "provisionforIncomeTaxes": 248,
        "revenue": 3491,
        "sgaExpense": 628,
        "totalOperatingExpense": 915,
        "totalOtherIncomeExpenseNet": 6
      },
      {
        "costOfGoodsSold": 1032,
        "depreciationAmortization": 290,
        "dilutedAverageSharesOutstanding": 315.9,
        "dilutedEPS": 1.83,
        "ebit": 1115,
        "grossIncome": 2120,
        "interestExpense": 76,
        "interestIncomeExpense": -75,
        "minorityInterest": -65,
        "netIncome": 579,
        "netIncomeAfterTaxes": 644,
        "nonRecurringItems": -228,
        "period": "2023-12-31",
        "pretaxIncome": 794,
        "provisionforIncomeTaxes": 150,
        "revenue": 3152,
        "sgaExpense": 715,
        "totalOperatingExpense": 1005,
        "totalOtherIncomeExpenseNet": -18
      },
      {
        "costOfGoodsSold": 995,
        "depreciationAmortization": 282,
        "dilutedAverageSharesOutstanding": 318,
        "dilutedEPS": 2.33,
        "ebit": 1169,
        "grossIncome": 2089,
        "interestExpense": 84,
        "interestIncomeExpense": -77,
        "minorityInterest": -72,
        "netIncome": 742,
        "netIncomeAfterTaxes": 814,
        "nonRecurringItems": -103,
        "period": "2023-09-30",
        "pretaxIncome": 995,
        "provisionforIncomeTaxes": 181,
        "revenue": 3084,
        "sgaExpense": 638,
        "totalOperatingExpense": 920,
        "totalOtherIncomeExpenseNet": 6
      },
      {
        "costOfGoodsSold": 1026,
        "depreciationAmortization": 285,
        "dilutedAverageSharesOutstanding": 319.8,
        "dilutedEPS": 1.6,
        "ebit": 1146,
        "grossIncome": 2075,
        "interestExpense": 88,
        "interestIncomeExpense": -72,
        "minorityInterest": -64,
        "netIncome": 511,
        "netIncomeAfterTaxes": 575,
        "nonRecurringItems": -246,
        "period": "2023-06-30",
        "pretaxIncome": 834,
        "provisionforIncomeTaxes": 259,
        "revenue": 3101,
        "sgaExpense": 644,
        "totalOperatingExpense": 929,
        "totalOtherIncomeExpenseNet": 6
      },
      {
        "costOfGoodsSold": 1088,
        "depreciationAmortization": 287,
        "dilutedAverageSharesOutstanding": 322.1,
        "dilutedEPS": 2.47,
        "ebit": 1171,
        "grossIncome": 2072,
        "interestExpense": 85,
        "interestIncomeExpense": -88,
        "minorityInterest": -65,
        "netIncome": 795,
        "netIncomeAfterTaxes": 860,
        "nonRecurringItems": -41,
        "period": "2023-03-31",
        "pretaxIncome": 1048,
        "provisionforIncomeTaxes": 188,
        "revenue": 3160,
        "sgaExpense": 614,
        "totalOperatingExpense": 901,
        "totalOtherIncomeExpenseNet": 6
      },
      {
        "costOfGoodsSold": 1012,
        "depreciationAmortization": 275,
        "dilutedAverageSharesOutstanding": 326.9,
        "dilutedEPS": 1.32,
        "ebit": 1030,
        "grossIncome": 1925,
        "interestExpense": 86,
        "interestIncomeExpense": -89,
        "minorityInterest": -61,
        "netIncome": 433,
        "netIncomeAfterTaxes": 494,
        "nonRecurringItems": -313,
        "period": "2022-12-31",
        "pretaxIncome": 621,
        "provisionforIncomeTaxes": 127,
        "revenue": 2937,
        "sgaExpense": 620,
        "totalOperatingExpense": 895,
        "totalOtherIncomeExpenseNet": -7
      },
      {
        "costOfGoodsSold": 994,
        "depreciationAmortization": 298,
        "dilutedAverageSharesOutstanding": 330.9,
        "dilutedEPS": 1.84,
        "ebit": 1057,
        "grossIncome": 1867,
        "interestExpense": 71,
        "interestIncomeExpense": -35,
        "minorityInterest": -70,
        "netIncome": 608,
        "netIncomeAfterTaxes": 678,
        "nonRecurringItems": -206,
        "period": "2022-09-30",
        "pretaxIncome": 823,
        "provisionforIncomeTaxes": 145,
        "revenue": 2861,
        "sgaExpense": 512,
        "totalOperatingExpense": 810,
        "totalOtherIncomeExpenseNet": 7
      },
      {
        "costOfGoodsSold": 1011,
        "depreciationAmortization": 303,
        "dilutedAverageSharesOutstanding": 339.3,
        "dilutedEPS": 2.86,
        "ebit": 1112,
        "grossIncome": 1982,
        "interestExpense": 90,
        "interestIncomeExpense": -85,
        "minorityInterest": -79,
        "netIncome": 972,
        "netIncomeAfterTaxes": 1051,
        "nonRecurringItems": 357,
        "period": "2022-06-30",
        "pretaxIncome": 1391,
        "provisionforIncomeTaxes": 340,
        "revenue": 2993,
        "sgaExpense": 567,
        "totalOperatingExpense": 870,
        "totalOtherIncomeExpenseNet": 7
      },
      {
        "costOfGoodsSold": 749,
        "depreciationAmortization": 137,
        "dilutedAverageSharesOutstanding": 276.3,
        "dilutedEPS": 4.47,
        "ebit": 1075,
        "grossIncome": 1640,
        "interestExpense": 57,
        "interestIncomeExpense": -9,
        "minorityInterest": -64,
        "netIncome": 1235,
        "netIncomeAfterTaxes": 1299,
        "nonRecurringItems": 797,
        "period": "2022-03-31",
        "pretaxIncome": 1867,
        "provisionforIncomeTaxes": 568,
        "revenue": 2389,
        "sgaExpense": 428,
        "totalOperatingExpense": 565,
        "totalOtherIncomeExpenseNet": 4
      },
      {
        "costOfGoodsSold": 592,
        "depreciationAmortization": 41,
        "dilutedAverageSharesOutstanding": 242.1,
        "dilutedEPS": 2.79,
        "ebit": 1043,
        "grossIncome": 1496,
        "interestExpense": 25,
        "interestIncomeExpense": -25,
        "minorityInterest": -61,
        "netIncome": 675,
        "netIncomeAfterTaxes": 736,
        "nonRecurringItems": -139,
        "period": "2021-12-31",
        "pretaxIncome": 890,
        "provisionforIncomeTaxes": 154,
        "revenue": 2088,
        "sgaExpense": 412,
        "totalOperatingExpense": 453,
        "totalOtherIncomeExpenseNet": 11
      },
      {
        "costOfGoodsSold": 543,
        "depreciationAmortization": 41,
        "dilutedAverageSharesOutstanding": 241.7,
        "dilutedEPS": 3.3,
        "ebit": 1134,
        "grossIncome": 1544,
        "interestExpense": 31,
        "interestIncomeExpense": -20,
        "minorityInterest": -64,
        "netIncome": 797,
        "netIncomeAfterTaxes": 861,
        "nonRecurringItems": -51,
        "period": "2021-09-30",
        "pretaxIncome": 1074,
        "provisionforIncomeTaxes": 213,
        "revenue": 2087,
        "sgaExpense": 369,
        "totalOperatingExpense": 410,
        "totalOtherIncomeExpenseNet": 11
      },
      {
        "costOfGoodsSold": 533,
        "depreciationAmortization": 45,
        "dilutedAverageSharesOutstanding": 241.8,
        "dilutedEPS": 3.3,
        "ebit": 1207,
        "grossIncome": 1573,
        "interestExpense": 32,
        "interestIncomeExpense": -21,
        "minorityInterest": -59,
        "netIncome": 798,
        "netIncomeAfterTaxes": 857,
        "nonRecurringItems": -53,
        "period": "2021-06-30",
        "pretaxIncome": 1144,
        "provisionforIncomeTaxes": 287,
        "revenue": 2106,
        "sgaExpense": 321,
        "totalOperatingExpense": 366,
        "totalOtherIncomeExpenseNet": 11
      },
      {
        "costOfGoodsSold": 527,
        "depreciationAmortization": 50,
        "dilutedAverageSharesOutstanding": 241.6,
        "dilutedEPS": 3.13,
        "ebit": 1130,
        "grossIncome": 1489,
        "interestExpense": 32,
        "interestIncomeExpense": -36,
        "minorityInterest": -53,
        "netIncome": 755,
        "netIncomeAfterTaxes": 808,
        "nonRecurringItems": -49,
        "period": "2021-03-31",
        "pretaxIncome": 1056,
        "provisionforIncomeTaxes": 248,
        "revenue": 2016,
        "sgaExpense": 309,
        "totalOperatingExpense": 359,
        "totalOtherIncomeExpenseNet": 11
      },
      {
        "costOfGoodsSold": 559,
        "depreciationAmortization": 52,
        "dilutedAverageSharesOutstanding": 241.5,
        "dilutedEPS": 1.88,
        "ebit": 863,
        "grossIncome": 1308,
        "interestExpense": 32,
        "interestIncomeExpense": -25,
        "minorityInterest": -51,
        "netIncome": 454,
        "netIncomeAfterTaxes": 505,
        "nonRecurringItems": -206,
        "period": "2020-12-31",
        "pretaxIncome": 640,
        "provisionforIncomeTaxes": 135,
        "revenue": 1867,
        "sgaExpense": 393,
        "totalOperatingExpense": 445,
        "totalOtherIncomeExpenseNet": 8
      },
      {
        "costOfGoodsSold": 519,
        "depreciationAmortization": 52,
        "dilutedAverageSharesOutstanding": 241.6,
        "dilutedEPS": 1.88,
        "ebit": 945,
        "grossIncome": 1327,
        "interestExpense": 35,
        "interestIncomeExpense": -38,
        "minorityInterest": -43,
        "netIncome": 455,
        "netIncomeAfterTaxes": 498,
        "nonRecurringItems": -280,
        "period": "2020-09-30",
        "pretaxIncome": 636,
        "provisionforIncomeTaxes": 138,
        "revenue": 1846,
        "sgaExpense": 330,
        "totalOperatingExpense": 382,
        "totalOtherIncomeExpenseNet": 9
      },
      {
        "costOfGoodsSold": 493,
        "depreciationAmortization": 51,
        "dilutedAverageSharesOutstanding": 241.9,
        "dilutedEPS": 3.27,
        "ebit": 1109,
        "grossIncome": 1450,
        "interestExpense": 40,
        "interestIncomeExpense": -35,
        "minorityInterest": -50,
        "netIncome": 792,
        "netIncomeAfterTaxes": 842,
        "nonRecurringItems": -7,
        "period": "2020-06-30",
        "pretaxIncome": 1075,
        "provisionforIncomeTaxes": 233,
        "revenue": 1943,
        "sgaExpense": 290,
        "totalOperatingExpense": 341,
        "totalOtherIncomeExpenseNet": 8
      },
      {
        "costOfGoodsSold": 521,
        "depreciationAmortization": 49,
        "dilutedAverageSharesOutstanding": 243.3,
        "dilutedEPS": 2.63,
        "ebit": 917,
        "grossIncome": 1265,
        "interestExpense": 34,
        "interestIncomeExpense": -44,
        "minorityInterest": -50,
        "netIncome": 639,
        "netIncomeAfterTaxes": 689,
        "nonRecurringItems": -5,
        "period": "2020-03-31",
        "pretaxIncome": 877,
        "provisionforIncomeTaxes": 188,
        "revenue": 1786,
        "sgaExpense": 299,
        "totalOperatingExpense": 348,
        "totalOtherIncomeExpenseNet": 9
      },
      {
        "costOfGoodsSold": 464,
        "depreciationAmortization": 51,
        "dilutedAverageSharesOutstanding": 245.4,
        "dilutedEPS": 2.2,
        "ebit": 893,
        "grossIncome": 1271,
        "interestExpense": 93,
        "interestIncomeExpense": -96,
        "minorityInterest": -45,
        "netIncome": 541,
        "netIncomeAfterTaxes": 586,
        "nonRecurringItems": -75,
        "period": "2019-12-31",
        "pretaxIncome": 731,
        "provisionforIncomeTaxes": 145,
        "revenue": 1735,
        "sgaExpense": 327,
        "totalOperatingExpense": 378,
        "totalOtherIncomeExpenseNet": 9
      },
      {
        "costOfGoodsSold": 438,
        "depreciationAmortization": 49,
        "dilutedAverageSharesOutstanding": 246.5,
        "dilutedEPS": 2.5,
        "ebit": 848,
        "grossIncome": 1251,
        "interestExpense": 32,
        "interestIncomeExpense": -48,
        "minorityInterest": -45,
        "netIncome": 617,
        "netIncomeAfterTaxes": 662,
        "nonRecurringItems": 43,
        "period": "2019-09-30",
        "pretaxIncome": 851,
        "provisionforIncomeTaxes": 189,
        "revenue": 1689,
        "sgaExpense": 354,
        "totalOperatingExpense": 403,
        "totalOtherIncomeExpenseNet": 8
      },
      {
        "costOfGoodsSold": 452,
        "depreciationAmortization": 52,
        "dilutedAverageSharesOutstanding": 247.4,
        "dilutedEPS": 2.24,
        "ebit": 843,
        "grossIncome": 1252,
        "interestExpense": 37,
        "interestIncomeExpense": -38,
        "minorityInterest": -47,
        "netIncome": 555,
        "netIncomeAfterTaxes": 602,
        "nonRecurringItems": -143,
        "period": "2019-06-30",
        "pretaxIncome": 782,
        "provisionforIncomeTaxes": 180,
        "revenue": 1704,
        "sgaExpense": 357,
        "totalOperatingExpense": 409,
        "totalOtherIncomeExpenseNet": 120
      },
      {
        "costOfGoodsSold": 439,
        "depreciationAmortization": 52,
        "dilutedAverageSharesOutstanding": 248.3,
        "dilutedEPS": 1.65,
        "ebit": 712,
        "grossIncome": 1132,
        "interestExpense": 36,
        "interestIncomeExpense": -36,
        "minorityInterest": -43,
        "netIncome": 410,
        "netIncomeAfterTaxes": 453,
        "nonRecurringItems": -7,
        "period": "2019-03-31",
        "pretaxIncome": 566,
        "provisionforIncomeTaxes": 113,
        "revenue": 1571,
        "sgaExpense": 368,
        "totalOperatingExpense": 420,
        "totalOtherIncomeExpenseNet": -103
      },
      {
        "costOfGoodsSold": 411,
        "depreciationAmortization": 55,
        "dilutedAverageSharesOutstanding": 251.7,
        "dilutedEPS": 2.03,
        "ebit": 729,
        "grossIncome": 1126,
        "interestExpense": 36,
        "interestIncomeExpense": -39,
        "minorityInterest": -40,
        "netIncome": 511,
        "netIncomeAfterTaxes": 551,
        "nonRecurringItems": -25,
        "period": "2018-12-31",
        "pretaxIncome": 671,
        "provisionforIncomeTaxes": 120,
        "revenue": 1537,
        "sgaExpense": 342,
        "totalOperatingExpense": 397,
        "totalOtherIncomeExpenseNet": 6
      },
      {
        "costOfGoodsSold": 406,
        "depreciationAmortization": 53,
        "dilutedAverageSharesOutstanding": 253.5,
        "dilutedEPS": 1.95,
        "ebit": 735,
        "grossIncome": 1140,
        "interestExpense": 38,
        "interestIncomeExpense": -40,
        "minorityInterest": -40,
        "netIncome": 495,
        "netIncomeAfterTaxes": 535,
        "nonRecurringItems": -31,
        "period": "2018-09-30",
        "pretaxIncome": 672,
        "provisionforIncomeTaxes": 137,
        "revenue": 1546,
        "sgaExpense": 352,
        "totalOperatingExpense": 405,
        "totalOtherIncomeExpenseNet": 8
      },
      {
        "costOfGoodsSold": 446,
        "depreciationAmortization": 52,
        "dilutedAverageSharesOutstanding": 253.3,
        "dilutedEPS": 1.82,
        "ebit": 757,
        "grossIncome": 1163,
        "interestExpense": 26,
        "interestIncomeExpense": -23,
        "minorityInterest": -40,
        "netIncome": 461,
        "netIncomeAfterTaxes": 501,
        "nonRecurringItems": -85,
        "period": "2018-06-30",
        "pretaxIncome": 657,
        "provisionforIncomeTaxes": 156,
        "revenue": 1609,
        "sgaExpense": 354,
        "totalOperatingExpense": 406,
        "totalOtherIncomeExpenseNet": 8
      },
      {
        "costOfGoodsSold": 439,
        "depreciationAmortization": 45,
        "dilutedAverageSharesOutstanding": 254.4,
        "dilutedEPS": 1.93,
        "ebit": 711,
        "grossIncome": 1128,
        "interestExpense": 34,
        "interestIncomeExpense": -38,
        "minorityInterest": -43,
        "netIncome": 491,
        "netIncomeAfterTaxes": 534,
        "period": "2018-03-31",
        "pretaxIncome": 681,
        "provisionforIncomeTaxes": 147,
        "revenue": 1567,
        "sgaExpense": 372,
        "totalOperatingExpense": 417,
        "totalOtherIncomeExpenseNet": 8
      },
      {
        "costOfGoodsSold": 433,
        "depreciationAmortization": 46,
        "dilutedAverageSharesOutstanding": 257.1,
        "dilutedEPS": 1.01,
        "ebit": 627,
        "grossIncome": 1155,
        "interestExpense": 39,
        "interestIncomeExpense": -39,
        "minorityInterest": -37,
        "netIncome": 262,
        "netIncomeAfterTaxes": 448,
        "nonRecurringItems": 0,
        "period": "2017-12-31",
        "pretaxIncome": 589,
        "provisionforIncomeTaxes": 141,
        "revenue": 1588,
        "sgaExpense": 482,
        "totalOperatingExpense": 528,
        "totalOtherIncomeExpenseNet": 1
      },
      {
        "costOfGoodsSold": 419,
        "depreciationAmortization": 46,
        "dilutedAverageSharesOutstanding": 257.9,
        "dilutedEPS": 1.61,
        "ebit": 649,
        "grossIncome": 1094,
        "interestExpense": 37,
        "interestIncomeExpense": -37,
        "minorityInterest": -38,
        "netIncome": 414,
        "netIncomeAfterTaxes": 452,
        "period": "2017-09-30",
        "pretaxIncome": 621,
        "provisionforIncomeTaxes": 169,
        "revenue": 1513,
        "sgaExpense": 399,
        "totalOperatingExpense": 445,
        "totalOtherIncomeExpenseNet": 9
      },
      {
        "costOfGoodsSold": 432,
        "depreciationAmortization": 45,
        "dilutedAverageSharesOutstanding": 259.9,
        "dilutedEPS": 1.62,
        "ebit": 668,
        "grossIncome": 1077,
        "interestExpense": 37,
        "interestIncomeExpense": -37,
        "minorityInterest": -36,
        "netIncome": 421,
        "netIncomeAfterTaxes": 457,
        "period": "2017-06-30",
        "pretaxIncome": 640,
        "provisionforIncomeTaxes": 183,
        "revenue": 1509,
        "sgaExpense": 364,
        "totalOperatingExpense": 409,
        "totalOtherIncomeExpenseNet": 9
      },
      {
        "costOfGoodsSold": 411,
        "depreciationAmortization": 43,
        "dilutedAverageSharesOutstanding": 260.8,
        "dilutedEPS": 1.53,
        "ebit": 639,
        "grossIncome": 1042,
        "interestExpense": 37,
        "interestIncomeExpense": -37,
        "minorityInterest": -31,
        "netIncome": 399,
        "netIncomeAfterTaxes": 430,
        "period": "2017-03-31",
        "pretaxIncome": 611,
        "provisionforIncomeTaxes": 181,
        "revenue": 1453,
        "sgaExpense": 360,
        "totalOperatingExpense": 403,
        "totalOtherIncomeExpenseNet": 9
      },
      {
        "costOfGoodsSold": 406,
        "depreciationAmortization": 47,
        "dilutedAverageSharesOutstanding": 261.6,
        "dilutedEPS": 2.05,
        "ebit": 478,
        "grossIncome": 993,
        "interestExpense": 59,
        "interestIncomeExpense": -59,
        "minorityInterest": -32,
        "netIncome": 537,
        "netIncomeAfterTaxes": 569,
        "nonRecurringItems": 379,
        "period": "2016-12-31",
        "pretaxIncome": 798,
        "provisionforIncomeTaxes": 229,
        "revenue": 1399,
        "sgaExpense": 468,
        "totalOperatingExpense": 515
      },
      {
        "costOfGoodsSold": 438,
        "depreciationAmortization": 45,
        "dilutedAverageSharesOutstanding": 265.3,
        "dilutedEPS": 3.36,
        "ebit": 626,
        "grossIncome": 1001,
        "interestExpense": 39,
        "interestIncomeExpense": -39,
        "minorityInterest": -31,
        "netIncome": 892,
        "netIncomeAfterTaxes": 923,
        "nonRecurringItems": 722,
        "period": "2016-09-30",
        "pretaxIncome": 1309,
        "provisionforIncomeTaxes": 386,
        "revenue": 1439,
        "sgaExpense": 330,
        "totalOperatingExpense": 375
      },
      {
        "costOfGoodsSold": 469,
        "depreciationAmortization": 45,
        "dilutedAverageSharesOutstanding": 266.7,
        "dilutedEPS": 1.44,
        "ebit": 651,
        "grossIncome": 1013,
        "interestExpense": 42,
        "interestIncomeExpense": -42,
        "minorityInterest": -29,
        "netIncome": 383,
        "netIncomeAfterTaxes": 412,
        "otherOperatingExpensesTotal": 0,
        "period": "2016-06-30",
        "pretaxIncome": 609,
        "provisionforIncomeTaxes": 197,
        "revenue": 1482,
        "sgaExpense": 317,
        "totalOperatingExpense": 362
      },
      {
        "costOfGoodsSold": 457,
        "depreciationAmortization": 42,
        "dilutedAverageSharesOutstanding": 267.2,
        "dilutedEPS": 1.1,
        "ebit": 512,
        "grossIncome": 884,
        "interestExpense": 40,
        "interestIncomeExpense": -40,
        "minorityInterest": -29,
        "netIncome": 294,
        "netIncomeAfterTaxes": 323,
        "period": "2016-03-31",
        "pretaxIncome": 472,
        "provisionforIncomeTaxes": 149,
        "revenue": 1341,
        "sgaExpense": 330,
        "totalOperatingExpense": 372
      },
      {
        "costOfGoodsSold": 454,
        "depreciationAmortization": 53,
        "dilutedAverageSharesOutstanding": 272.2,
        "dilutedEPS": 0.91,
        "ebit": 424,
        "grossIncome": 921,
        "interestExpense": 40,
        "interestIncomeExpense": -40,
        "minorityInterest": -29,
        "netIncome": 247,
        "netIncomeAfterTaxes": 276,
        "otherOperatingExpensesTotal": 0,
        "period": "2015-12-31",
        "pretaxIncome": 384,
        "provisionforIncomeTaxes": 108,
        "revenue": 1375,
        "sgaExpense": 444,
        "totalOperatingExpense": 497
      },
      {
        "costOfGoodsSold": 407,
        "depreciationAmortization": 37,
        "dilutedAverageSharesOutstanding": 274.4,
        "dilutedEPS": 0.92,
        "ebit": 410,
        "grossIncome": 917,
        "interestExpense": 30,
        "interestIncomeExpense": -30,
        "minorityInterest": -29,
        "netIncome": 252,
        "netIncomeAfterTaxes": 281,
        "otherOperatingExpensesTotal": 0,
        "period": "2015-09-30",
        "pretaxIncome": 380,
        "provisionforIncomeTaxes": 99,
        "revenue": 1324,
        "sgaExpense": 470,
        "totalOperatingExpense": 507
      }
    ],
    "symbol": "SPGI"
  }
}