{
  "symbol": "MRK",
  "statement": "ic",
  "frequency": "annual",
  "timestamp": "2025-09-19T14:03:51.208521",
  "data": {
    "financials": [
      {
        "costOfGoodsSold": 14698,
        "dilutedAverageSharesOutstanding": 2541,
        "dilutedEPS": 6.74,
        "ebit": 24295,
        "grossIncome": 49470,
        "interestExpense": 1271,
        "interestIncomeExpense": -1069,
        "minorityInterest": -16,
        "netIncome": 17117,
        "netIncomeAfterTaxes": 17133,
        "nonRecurringItems": -4383,
        "period": "2024-12-31",
        "pretaxIncome": 19936,
        "provisionforIncomeTaxes": 2803,
        "researchDevelopment": 14442,
        "revenue": 64168,
        "sgaExpense": 10733,
        "totalOperatingExpense": 25175,
        "totalOtherIncomeExpenseNet": 1093,
        "year": 2024
      },
      {
        "costOfGoodsSold": 15915,
        "dilutedAverageSharesOutstanding": 2547,
        "dilutedEPS": 0.14,
        "ebit": 21155,
        "grossIncome": 44200,
        "interestExpense": 1146,
        "interestIncomeExpense": -811,
        "minorityInterest": -12,
        "netIncome": 365,
        "netIncomeAfterTaxes": 377,
        "nonRecurringItems": -19372.5,
        "period": "2023-12-31",
        "pretaxIncome": 1889,
        "provisionforIncomeTaxes": 1512,
        "researchDevelopment": 12663,
        "revenue": 60115,
        "sgaExpense": 10382,
        "totalOperatingExpense": 23045,
        "totalOtherIncomeExpenseNet": 917.5,
        "year": 2023
      },
      {
        "costOfGoodsSold": 17206,
        "dilutedAverageSharesOutstanding": 2542,
        "dilutedEPS": 5.71,
        "ebit": 20311,
        "grossIncome": 42077,
        "interestExpense": 962,
        "interestIncomeExpense": -2461,
        "minorityInterest": -7,
        "netIncome": 14519,
        "netIncomeAfterTaxes": 14526,
        "nonRecurringItems": -2366,
        "period": "2022-12-31",
        "pretaxIncome": 16444,
        "provisionforIncomeTaxes": 1918,
        "researchDevelopment": 11818,
        "revenue": 59283,
        "sgaExpense": 9948,
        "totalOperatingExpense": 21766,
        "totalOtherIncomeExpenseNet": 960,
        "year": 2022
      },
      {
        "costOfGoodsSold": 13241,
        "dilutedAverageSharesOutstanding": 2538,
        "dilutedEPS": 5.14,
        "ebit": 15594,
        "grossIncome": 35463,
        "interestExpense": 806,
        "interestIncomeExpense": 873,
        "minorityInterest": -13,
        "netIncome": 13049,
        "netIncomeAfterTaxes": 12358,
        "nonRecurringItems": -3056,
        "period": "2021-12-31",
        "pretaxIncome": 13879,
        "provisionforIncomeTaxes": 1521,
        "researchDevelopment": 10254,
        "revenue": 48704,
        "sgaExpense": 9615,
        "totalOperatingExpense": 19869,
        "totalOtherIncomeExpenseNet": 468,
        "year": 2021
      },
      {
        "costOfGoodsSold": 11583,
        "dilutedAverageSharesOutstanding": 2541,
        "dilutedEPS": 2.78,
        "ebit": 10925,
        "grossIncome": 29935,
        "interestExpense": 831,
        "interestIncomeExpense": 421,
        "minorityInterest": -4,
        "netIncome": 7067,
        "netIncomeAfterTaxes": 4523,
        "nonRecurringItems": -5952,
        "period": "2020-12-31",
        "pretaxIncome": 5863,
        "provisionforIncomeTaxes": 1340,
        "researchDevelopment": 10102,
        "revenue": 41518,
        "sgaExpense": 8908,
        "totalOperatingExpense": 19010,
        "totalOtherIncomeExpenseNet": 469,
        "year": 2020
      },
      {
        "costOfGoodsSold": 11060,
        "dilutedAverageSharesOutstanding": 2580,
        "dilutedEPS": 3.81,
        "ebit": 10085,
        "grossIncome": 28061,
        "interestExpense": 893,
        "interestIncomeExpense": -636,
        "minorityInterest": 84,
        "netIncome": 9843,
        "netIncomeAfterTaxes": 5606,
        "nonRecurringItems": -2785,
        "period": "2019-12-31",
        "pretaxIncome": 7171,
        "provisionforIncomeTaxes": 1565,
        "researchDevelopment": 8555,
        "revenue": 39121,
        "sgaExpense": 9421,
        "totalOperatingExpense": 17976,
        "totalOtherIncomeExpenseNet": 507,
        "year": 2019
      },
      {
        "costOfGoodsSold": 13065,
        "dilutedAverageSharesOutstanding": 2679,
        "dilutedEPS": 2.32,
        "ebit": 11308,
        "grossIncome": 29229,
        "interestExpense": 772,
        "interestIncomeExpense": 10,
        "minorityInterest": 27,
        "netIncome": 6220,
        "netIncomeAfterTaxes": 6482,
        "nonRecurringItems": -3009,
        "period": "2018-12-31",
        "pretaxIncome": 8701,
        "provisionforIncomeTaxes": 2219,
        "researchDevelopment": 7854,
        "revenue": 42294,
        "sgaExpense": 10067,
        "totalOperatingExpense": 17921,
        "totalOtherIncomeExpenseNet": 392,
        "year": 2018
      },
      {
        "costOfGoodsSold": 12640,
        "dilutedAverageSharesOutstanding": 2748,
        "dilutedEPS": 0.87,
        "ebit": 9959,
        "grossIncome": 27482,
        "interestExpense": 754,
        "interestIncomeExpense": -116,
        "minorityInterest": -24,
        "netIncome": 2394,
        "netIncomeAfterTaxes": 5043,
        "nonRecurringItems": -3938,
        "period": "2017-12-31",
        "pretaxIncome": 6521,
        "provisionforIncomeTaxes": 1478,
        "researchDevelopment": 7495,
        "revenue": 40122,
        "sgaExpense": 10028,
        "totalOperatingExpense": 17523,
        "totalOtherIncomeExpenseNet": 616,
        "year": 2017
      },
      {
        "costOfGoodsSold": 13502,
        "dilutedAverageSharesOutstanding": 2787,
        "dilutedEPS": 1.41,
        "ebit": 9942,
        "grossIncome": 26305,
        "interestExpense": 693,
        "interestIncomeExpense": -496,
        "minorityInterest": -21,
        "netIncome": 3920,
        "netIncomeAfterTaxes": 3941,
        "nonRecurringItems": -5094,
        "period": "2016-12-31",
        "pretaxIncome": 4659,
        "provisionforIncomeTaxes": 718,
        "researchDevelopment": 6519,
        "revenue": 39807,
        "sgaExpense": 9844,
        "totalOperatingExpense": 16363,
        "totalOtherIncomeExpenseNet": 307,
        "year": 2016
      },
      {
        "costOfGoodsSold": 14528,
        "dilutedAverageSharesOutstanding": 2841,
        "dilutedEPS": 1.56,
        "ebit": 8606,
        "gainLossOnDispositionOfAssets": 250,
        "grossIncome": 24970,
        "interestExpense": 672,
        "interestIncomeExpense": -983,
        "minorityInterest": -17,
        "netIncome": 4442,
        "netIncomeAfterTaxes": 4459,
        "nonRecurringItems": -3087,
        "period": "2015-12-31",
        "pretaxIncome": 5401,
        "provisionforIncomeTaxes": 942,
        "researchDevelopment": 6565,
        "revenue": 39498,
        "sgaExpense": 9799,
        "totalOperatingExpense": 16364,
        "totalOtherIncomeExpenseNet": 615,
        "year": 2015
      }
    ],
    "symbol": "MRK"
  }
}