{
  "symbol": "DXCM",
  "statement": "ic",
  "frequency": "annual",
  "timestamp": "2025-09-19T13:59:06.604011",
  "data": {
    "financials": [
      {
        "costOfGoodsSold": 1541.3,
        "dilutedAverageSharesOutstanding": 412.7,
        "dilutedEPS": 1.3962,
        "ebit": 653.5,
        "grossIncome": 2491.7,
        "interestExpense": 19,
        "interestIncomeExpense": 115.2,
        "netIncome": 576.2,
        "netIncomeAfterTaxes": 576.2,
        "nonRecurringItems": -53.5,
        "period": "2024-12-31",
        "pretaxIncome": 709,
        "provisionforIncomeTaxes": 132.8,
        "researchDevelopment": 552.4,
        "revenue": 4033,
        "sgaExpense": 1285.8,
        "totalOperatingExpense": 1838.2,
        "totalOtherIncomeExpenseNet": -6.2,
        "year": 2024
      },
      {
        "costOfGoodsSold": 1316.8,
        "depreciationAmortization": 8.1,
        "dilutedAverageSharesOutstanding": 425.5,
        "dilutedEPS": 1.2726,
        "ebit": 614.3,
        "grossIncome": 2305.5,
        "interestExpense": 20.3,
        "interestIncomeExpense": 116.6,
        "netIncome": 541.5,
        "netIncomeAfterTaxes": 541.5,
        "nonRecurringItems": -16.6,
        "period": "2023-12-31",
        "pretaxIncome": 710.4,
        "provisionforIncomeTaxes": 168.9,
        "researchDevelopment": 505.8,
        "revenue": 3622.3,
        "sgaExpense": 1177.3,
        "totalOperatingExpense": 1691.2,
        "totalOtherIncomeExpenseNet": -3.9,
        "year": 2023
      },
      {
        "costOfGoodsSold": 1012.8,
        "depreciationAmortization": 7.5,
        "dilutedAverageSharesOutstanding": 427.5,
        "dilutedEPS": 0.8,
        "ebit": 405.1,
        "grossIncome": 1897,
        "interestExpense": 18.6,
        "interestIncomeExpense": -0.4,
        "netIncome": 341.2,
        "netIncomeAfterTaxes": 341.2,
        "nonRecurringItems": -13.9,
        "period": "2022-12-31",
        "pretaxIncome": 390.8,
        "provisionforIncomeTaxes": 49.6,
        "researchDevelopment": 484.2,
        "revenue": 2909.8,
        "sgaExpense": 1000.2,
        "totalOperatingExpense": 1491.9,
        "year": 2022
      },
      {
        "costOfGoodsSold": 739.9,
        "depreciationAmortization": 3.7,
        "dilutedAverageSharesOutstanding": 428.8,
        "dilutedEPS": 0.51,
        "ebit": 293.9,
        "grossIncome": 1708.6,
        "interestExpense": 18.8,
        "interestIncomeExpense": -8.9,
        "netIncome": 216.9,
        "netIncomeAfterTaxes": 216.9,
        "nonRecurringItems": -28.2,
        "period": "2021-12-31",
        "pretaxIncome": 256.8,
        "provisionforIncomeTaxes": 39.9,
        "researchDevelopment": 604.2,
        "revenue": 2448.5,
        "sgaExpense": 806.8,
        "totalOperatingExpense": 1414.7,
        "year": 2021
      },
      {
        "costOfGoodsSold": 622.2,
        "depreciationAmortization": 2.5,
        "dilutedAverageSharesOutstanding": 420.4,
        "dilutedEPS": 1.31,
        "ebit": 323.9,
        "grossIncome": 1304.5,
        "interestExpense": 17.7,
        "interestIncomeExpense": -1.6,
        "netIncome": 549.7,
        "netIncomeAfterTaxes": 549.7,
        "nonRecurringItems": -24.4,
        "period": "2020-12-31",
        "pretaxIncome": 297.9,
        "provisionforIncomeTaxes": -251.8,
        "researchDevelopment": 359.9,
        "revenue": 1926.7,
        "sgaExpense": 618.2,
        "totalOperatingExpense": 980.6,
        "year": 2020
      },
      {
        "costOfGoodsSold": 530.4,
        "dilutedAverageSharesOutstanding": 369.2,
        "dilutedEPS": 0.27,
        "ebit": 156.4,
        "grossIncome": 945.6,
        "interestExpense": 60.3,
        "interestIncomeExpense": -38.1,
        "netIncome": 101.1,
        "netIncomeAfterTaxes": 101.1,
        "nonRecurringItems": -14.1,
        "period": "2019-12-31",
        "pretaxIncome": 104.2,
        "provisionforIncomeTaxes": 3.1,
        "researchDevelopment": 273.5,
        "revenue": 1476,
        "sgaExpense": 515.7,
        "totalOperatingExpense": 789.2,
        "year": 2019
      },
      {
        "costOfGoodsSold": 367.7,
        "dilutedAverageSharesOutstanding": 352.8,
        "dilutedEPS": -0.36,
        "ebit": -186.3,
        "grossIncome": 663.9,
        "interestExpense": 22.7,
        "interestIncomeExpense": 59.8,
        "netIncome": -127.1,
        "netIncomeAfterTaxes": -127.5,
        "period": "2018-12-31",
        "pretaxIncome": -126.5,
        "provisionforIncomeTaxes": 1,
        "researchDevelopment": 417.4,
        "revenue": 1031.6,
        "sgaExpense": 432.8,
        "totalOperatingExpense": 850.2,
        "year": 2018
      },
      {
        "costOfGoodsSold": 226.4,
        "dilutedAverageSharesOutstanding": 345.2,
        "dilutedEPS": -0.14,
        "ebit": -42.5,
        "grossIncome": 492.1,
        "interestExpense": 12.8,
        "interestIncomeExpense": -9.5,
        "netIncome": -50.2,
        "netIncomeAfterTaxes": 55.5,
        "period": "2017-12-31",
        "pretaxIncome": -48.6,
        "provisionforIncomeTaxes": -104.1,
        "researchDevelopment": 185.4,
        "revenue": 718.5,
        "sgaExpense": 349.2,
        "totalOperatingExpense": 534.6,
        "totalOtherIncomeExpenseNet": 3.4,
        "year": 2017
      },
      {
        "costOfGoodsSold": 194.9,
        "dilutedAverageSharesOutstanding": 334.4,
        "dilutedEPS": -0.2,
        "ebit": -63.9,
        "grossIncome": 378.4,
        "interestExpense": 0.7,
        "interestIncomeExpense": -0.3,
        "netIncome": -65.6,
        "netIncomeAfterTaxes": -65.6,
        "period": "2016-12-31",
        "pretaxIncome": -64.9,
        "provisionforIncomeTaxes": 0.7,
        "researchDevelopment": 156.1,
        "revenue": 573.3,
        "sgaExpense": 286.2,
        "totalOperatingExpense": 442.3,
        "totalOtherIncomeExpenseNet": -0.7,
        "year": 2016
      },
      {
        "costOfGoodsSold": 123.6,
        "dilutedAverageSharesOutstanding": 319.2,
        "dilutedEPS": -0.18,
        "ebit": -57.1,
        "grossIncome": 278.4,
        "interestExpense": 0.4,
        "interestIncomeExpense": -0.4,
        "netIncome": -57.6,
        "netIncomeAfterTaxes": -57.6,
        "period": "2015-12-31",
        "pretaxIncome": -57.5,
        "provisionforIncomeTaxes": 0.1,
        "researchDevelopment": 137.5,
        "revenue": 402,
        "sgaExpense": 198,
        "totalOperatingExpense": 335.5,
        "year": 2015
      }
    ],
    "symbol": "DXCM"
  }
}