{
  "symbol": "NKE",
  "statement": "ic",
  "frequency": "annual",
  "timestamp": "2025-09-19T14:04:38.818140",
  "data": {
    "financials": [
      {
        "costOfGoodsSold": 26519,
        "dilutedAverageSharesOutstanding": 1487.6,
        "dilutedEPS": 2.1639,
        "ebit": 3702,
        "grossIncome": 19790,
        "interestExpense": 297,
        "interestIncomeExpense": -81,
        "netIncome": 3219,
        "netIncomeAfterTaxes": 3219,
        "period": "2025-05-31",
        "pretaxIncome": 3885,
        "provisionforIncomeTaxes": 666,
        "revenue": 46309,
        "sgaExpense": 16088,
        "totalOperatingExpense": 16088,
        "totalOtherIncomeExpenseNet": 264,
        "year": 2025
      },
      {
        "costOfGoodsSold": 28475,
        "dilutedAverageSharesOutstanding": 1529.7,
        "dilutedEPS": 3.7262,
        "ebit": 6690,
        "grossIncome": 22887,
        "interestExpense": 269,
        "interestIncomeExpense": 93,
        "netIncome": 5700,
        "netIncomeAfterTaxes": 5700,
        "nonRecurringItems": -379,
        "period": "2024-05-31",
        "pretaxIncome": 6700,
        "provisionforIncomeTaxes": 1000,
        "revenue": 51362,
        "sgaExpense": 16197,
        "totalOperatingExpense": 16197,
        "totalOtherIncomeExpenseNet": 296,
        "year": 2024
      },
      {
        "costOfGoodsSold": 28925,
        "dilutedAverageSharesOutstanding": 1570,
        "dilutedEPS": 3.23,
        "ebit": 5915,
        "grossIncome": 22292,
        "interestExpense": 291,
        "interestIncomeExpense": 6,
        "netIncome": 5070,
        "netIncomeAfterTaxes": 5070,
        "period": "2023-05-31",
        "pretaxIncome": 6201,
        "provisionforIncomeTaxes": 1131,
        "revenue": 51217,
        "sgaExpense": 16377,
        "totalOperatingExpense": 16377,
        "totalOtherIncomeExpenseNet": 280,
        "year": 2023
      },
      {
        "costOfGoodsSold": 25231,
        "dilutedAverageSharesOutstanding": 1611,
        "dilutedEPS": 3.75,
        "ebit": 6675,
        "grossIncome": 21479,
        "interestExpense": 299,
        "interestIncomeExpense": -205,
        "netIncome": 6046,
        "netIncomeAfterTaxes": 6046,
        "period": "2022-05-31",
        "pretaxIncome": 6651,
        "provisionforIncomeTaxes": 605,
        "revenue": 46710,
        "sgaExpense": 14804,
        "totalOperatingExpense": 14804,
        "totalOtherIncomeExpenseNet": 181,
        "year": 2022
      },
      {
        "costOfGoodsSold": 24541,
        "dilutedAverageSharesOutstanding": 1609,
        "dilutedEPS": 3.56,
        "ebit": 7186,
        "grossIncome": 19997,
        "interestExpense": 296,
        "interestIncomeExpense": -262,
        "netIncome": 5727,
        "netIncomeAfterTaxes": 5727,
        "nonRecurringItems": -299,
        "period": "2021-05-31",
        "pretaxIncome": 6661,
        "provisionforIncomeTaxes": 934,
        "revenue": 44538,
        "sgaExpense": 12811,
        "totalOperatingExpense": 12811,
        "totalOtherIncomeExpenseNet": 36,
        "year": 2021
      },
      {
        "costOfGoodsSold": 21162,
        "dilutedAverageSharesOutstanding": 1592,
        "dilutedEPS": 1.6,
        "ebit": 3115,
        "grossIncome": 16241,
        "interestExpense": 151,
        "interestIncomeExpense": -14,
        "netIncome": 2539,
        "netIncomeAfterTaxes": 2539,
        "nonRecurringItems": -405,
        "period": "2020-05-31",
        "pretaxIncome": 2887,
        "provisionforIncomeTaxes": 348,
        "revenue": 37403,
        "sgaExpense": 13126,
        "totalOperatingExpense": 13126,
        "totalOtherIncomeExpenseNet": 191,
        "year": 2020
      },
      {
        "costOfGoodsSold": 21643,
        "dilutedAverageSharesOutstanding": 1618,
        "dilutedEPS": 2.49,
        "ebit": 4772,
        "grossIncome": 17474,
        "interestExpense": 131,
        "interestIncomeExpense": 124,
        "netIncome": 4029,
        "netIncomeAfterTaxes": 4029,
        "period": "2019-05-31",
        "pretaxIncome": 4801,
        "provisionforIncomeTaxes": 772,
        "revenue": 39117,
        "sgaExpense": 12702,
        "totalOperatingExpense": 12702,
        "totalOtherIncomeExpenseNet": -95,
        "year": 2019
      },
      {
        "costOfGoodsSold": 20441,
        "dilutedAverageSharesOutstanding": 1659,
        "dilutedEPS": 1.16,
        "ebit": 4445,
        "grossIncome": 15956,
        "interestExpense": 124,
        "interestIncomeExpense": -115,
        "netIncome": 1933,
        "netIncomeAfterTaxes": 3966,
        "period": "2018-05-31",
        "pretaxIncome": 4325,
        "provisionforIncomeTaxes": 359,
        "revenue": 36397,
        "sgaExpense": 11511,
        "totalOperatingExpense": 11511,
        "totalOtherIncomeExpenseNet": -5,
        "year": 2018
      },
      {
        "costOfGoodsSold": 19038,
        "dilutedAverageSharesOutstanding": 1692,
        "dilutedEPS": 2.51,
        "ebit": 4749,
        "grossIncome": 15312,
        "interestExpense": 82,
        "interestIncomeExpense": 94,
        "netIncome": 4240,
        "netIncomeAfterTaxes": 4240,
        "period": "2017-05-31",
        "pretaxIncome": 4886,
        "provisionforIncomeTaxes": 646,
        "revenue": 34350,
        "sgaExpense": 10563,
        "totalOperatingExpense": 10563,
        "totalOtherIncomeExpenseNet": 43,
        "year": 2017
      },
      {
        "costOfGoodsSold": 17405,
        "dilutedAverageSharesOutstanding": 1743,
        "dilutedEPS": 2.16,
        "ebit": 4502,
        "grossIncome": 14971,
        "interestExpense": 33,
        "interestIncomeExpense": 130,
        "netIncome": 3760,
        "netIncomeAfterTaxes": 3760,
        "period": "2016-05-31",
        "pretaxIncome": 4623,
        "provisionforIncomeTaxes": 863,
        "revenue": 32376,
        "sgaExpense": 10469,
        "totalOperatingExpense": 10469,
        "totalOtherIncomeExpenseNet": -9,
        "year": 2016
      }
    ],
    "symbol": "NKE"
  }
}