{
  "symbol": "EL",
  "statement": "ic",
  "frequency": "quarterly",
  "timestamp": "2025-09-19T14:00:02.017331",
  "data": {
    "financials": [
      {
        "costOfGoodsSold": 956,
        "dilutedAverageSharesOutstanding": 360.7,
        "dilutedEPS": -1.5137,
        "ebit": 137,
        "grossIncome": 2452,
        "interestExpense": 88,
        "interestIncomeExpense": -59,
        "minorityInterest": 0,
        "netIncome": -546,
        "netIncomeAfterTaxes": -546,
        "nonRecurringItems": -527,
        "period": "2025-06-30",
        "pretaxIncome": -451,
        "provisionforIncomeTaxes": 95,
        "revenue": 3408,
        "sgaExpense": 2315,
        "totalOperatingExpense": 2315,
        "totalOtherIncomeExpenseNet": -2
      },
      {
        "costOfGoodsSold": 889,
        "dilutedAverageSharesOutstanding": 361.4,
        "dilutedEPS": 0.44,
        "ebit": 403,
        "grossIncome": 2661,
        "interestExpense": 87,
        "interestIncomeExpense": -60,
        "minorityInterest": 0,
        "netIncome": 159,
        "netIncomeAfterTaxes": 159,
        "nonRecurringItems": -97,
        "period": "2025-03-31",
        "pretaxIncome": 241,
        "provisionforIncomeTaxes": 82,
        "revenue": 3550,
        "sgaExpense": 2258,
        "totalOperatingExpense": 2258,
        "totalOtherIncomeExpenseNet": -5
      },
      {
        "costOfGoodsSold": 957,
        "dilutedAverageSharesOutstanding": 360,
        "dilutedEPS": -1.6389,
        "ebit": 462,
        "grossIncome": 3047,
        "interestExpense": 90,
        "interestIncomeExpense": -67,
        "minorityInterest": 0,
        "netIncome": -590,
        "netIncomeAfterTaxes": -590,
        "nonRecurringItems": -1042,
        "period": "2024-12-31",
        "pretaxIncome": -650,
        "provisionforIncomeTaxes": -60,
        "revenue": 4004,
        "sgaExpense": 2585,
        "totalOperatingExpense": 2585,
        "totalOtherIncomeExpenseNet": -3
      },
      {
        "costOfGoodsSold": 928,
        "dilutedAverageSharesOutstanding": 359.6,
        "dilutedEPS": -0.4338,
        "ebit": 135,
        "grossIncome": 2433,
        "interestExpense": 92,
        "interestIncomeExpense": -57,
        "minorityInterest": 0,
        "netIncome": -156,
        "netIncomeAfterTaxes": -156,
        "nonRecurringItems": -256,
        "period": "2024-09-30",
        "pretaxIncome": -180,
        "provisionforIncomeTaxes": -24,
        "revenue": 3361,
        "sgaExpense": 2298,
        "totalOperatingExpense": 2298,
        "totalOtherIncomeExpenseNet": -2
      },
      {
        "costOfGoodsSold": 1092,
        "dilutedAverageSharesOutstanding": 359.6,
        "dilutedEPS": -0.7898,
        "ebit": 335,
        "grossIncome": 2779,
        "interestExpense": 91,
        "interestIncomeExpense": -50,
        "minorityInterest": 2,
        "netIncome": -284,
        "netIncomeAfterTaxes": -286,
        "nonRecurringItems": -568,
        "period": "2024-06-30",
        "pretaxIncome": -279,
        "provisionforIncomeTaxes": 7,
        "revenue": 3871,
        "sgaExpense": 2444,
        "totalOperatingExpense": 2444,
        "totalOtherIncomeExpenseNet": 4
      },
      {
        "costOfGoodsSold": 1107,
        "dilutedAverageSharesOutstanding": 360.8,
        "dilutedEPS": 0.9146,
        "ebit": 549,
        "grossIncome": 2833,
        "interestExpense": 94,
        "interestIncomeExpense": -49,
        "minorityInterest": -5,
        "netIncome": 330,
        "netIncomeAfterTaxes": 335,
        "nonRecurringItems": -18,
        "period": "2024-03-31",
        "pretaxIncome": 486,
        "provisionforIncomeTaxes": 151,
        "revenue": 3940,
        "sgaExpense": 2284,
        "totalOperatingExpense": 2284,
        "totalOtherIncomeExpenseNet": 4
      },
      {
        "costOfGoodsSold": 1154,
        "dilutedAverageSharesOutstanding": 360,
        "dilutedEPS": 0.8694,
        "ebit": 582,
        "grossIncome": 3126,
        "interestExpense": 98,
        "interestIncomeExpense": -58,
        "minorityInterest": -11,
        "netIncome": 313,
        "netIncomeAfterTaxes": 324,
        "nonRecurringItems": -8,
        "period": "2023-12-31",
        "pretaxIncome": 519,
        "provisionforIncomeTaxes": 195,
        "revenue": 4280,
        "sgaExpense": 2544,
        "totalOperatingExpense": 2544,
        "totalOtherIncomeExpenseNet": 3
      },
      {
        "costOfGoodsSold": 1070,
        "dilutedAverageSharesOutstanding": 360.5,
        "dilutedEPS": 0.086,
        "ebit": 99,
        "grossIncome": 2448,
        "interestExpense": 95,
        "interestIncomeExpense": -54,
        "minorityInterest": -5,
        "netIncome": 31,
        "netIncomeAfterTaxes": 36,
        "nonRecurringItems": -1,
        "period": "2023-09-30",
        "pretaxIncome": 46,
        "provisionforIncomeTaxes": 10,
        "revenue": 3518,
        "sgaExpense": 2349,
        "totalOperatingExpense": 2349,
        "totalOtherIncomeExpenseNet": 2
      },
      {
        "costOfGoodsSold": 1159,
        "dilutedAverageSharesOutstanding": 358.2,
        "dilutedEPS": -0.0921,
        "ebit": 47,
        "grossIncome": 2467,
        "interestExpense": 99,
        "interestIncomeExpense": -46,
        "minorityInterest": -1,
        "netIncome": -33,
        "netIncomeAfterTaxes": -32,
        "nonRecurringItems": -52,
        "period": "2023-06-30",
        "pretaxIncome": -48,
        "provisionforIncomeTaxes": -16,
        "revenue": 3626,
        "sgaExpense": 2420,
        "totalOperatingExpense": 2420,
        "totalOtherIncomeExpenseNet": 3
      },
      {
        "costOfGoodsSold": 1159,
        "dilutedAverageSharesOutstanding": 361.2,
        "dilutedEPS": 0.4319,
        "ebit": 315,
        "grossIncome": 2596,
        "interestExpense": 58,
        "interestIncomeExpense": -21,
        "minorityInterest": 1,
        "netIncome": 156,
        "netIncomeAfterTaxes": 155,
        "nonRecurringItems": -18,
        "period": "2023-03-31",
        "pretaxIncome": 280,
        "provisionforIncomeTaxes": 125,
        "revenue": 3755,
        "sgaExpense": 2281,
        "totalOperatingExpense": 2281,
        "totalOtherIncomeExpenseNet": 4
      },
      {
        "costOfGoodsSold": 1219,
        "dilutedAverageSharesOutstanding": 360.4,
        "dilutedEPS": 1.0932,
        "ebit": 772,
        "grossIncome": 3402,
        "interestExpense": 52,
        "interestIncomeExpense": -26,
        "minorityInterest": -3,
        "netIncome": 394,
        "netIncomeAfterTaxes": 397,
        "nonRecurringItems": -216,
        "period": "2022-12-31",
        "pretaxIncome": 532,
        "provisionforIncomeTaxes": 135,
        "revenue": 4621,
        "sgaExpense": 2630,
        "totalOperatingExpense": 2630,
        "totalOtherIncomeExpenseNet": 2
      },
      {
        "costOfGoodsSold": 1024,
        "dilutedAverageSharesOutstanding": 361.4,
        "dilutedEPS": 1.3531,
        "ebit": 667,
        "grossIncome": 2911,
        "interestExpense": 46,
        "interestIncomeExpense": -31,
        "minorityInterest": -1,
        "netIncome": 489,
        "netIncomeAfterTaxes": 490,
        "nonRecurringItems": -6,
        "period": "2022-09-30",
        "pretaxIncome": 633,
        "provisionforIncomeTaxes": 143,
        "revenue": 3935,
        "sgaExpense": 2244,
        "totalOperatingExpense": 2244,
        "totalOtherIncomeExpenseNet": 3
      },
      {
        "costOfGoodsSold": 1031,
        "dilutedAverageSharesOutstanding": 362.2,
        "dilutedEPS": 0.1436,
        "ebit": 196,
        "grossIncome": 2530,
        "interestExpense": 42,
        "interestIncomeExpense": -31,
        "minorityInterest": 2,
        "netIncome": 52,
        "netIncomeAfterTaxes": 50,
        "nonRecurringItems": -117,
        "period": "2022-06-30",
        "pretaxIncome": 48,
        "provisionforIncomeTaxes": -2,
        "revenue": 3561,
        "sgaExpense": 2334,
        "totalOperatingExpense": 2334,
        "totalOtherIncomeExpenseNet": 0
      },
      {
        "costOfGoodsSold": 994,
        "dilutedAverageSharesOutstanding": 363.6,
        "dilutedEPS": 1.5347,
        "ebit": 976,
        "grossIncome": 3251,
        "interestExpense": 41,
        "interestIncomeExpense": -36,
        "minorityInterest": -15,
        "netIncome": 558,
        "netIncomeAfterTaxes": 573,
        "nonRecurringItems": -238,
        "period": "2022-03-31",
        "pretaxIncome": 703,
        "provisionforIncomeTaxes": 130,
        "revenue": 4245,
        "sgaExpense": 2275,
        "totalOperatingExpense": 2275,
        "totalOtherIncomeExpenseNet": 1
      },
      {
        "costOfGoodsSold": 1223,
        "dilutedAverageSharesOutstanding": 366,
        "dilutedEPS": 2.9727,
        "ebit": 1431,
        "grossIncome": 4316,
        "interestExpense": 42,
        "interestIncomeExpense": -32,
        "minorityInterest": -2,
        "netIncome": 1088,
        "netIncomeAfterTaxes": 1090,
        "nonRecurringItems": -13,
        "period": "2021-12-31",
        "pretaxIncome": 1388,
        "provisionforIncomeTaxes": 298,
        "revenue": 5539,
        "sgaExpense": 2885,
        "totalOperatingExpense": 2885,
        "totalOtherIncomeExpenseNet": 2
      },
      {
        "costOfGoodsSold": 1057,
        "dilutedAverageSharesOutstanding": 367.9,
        "dilutedEPS": 1.881,
        "ebit": 941,
        "grossIncome": 3335,
        "interestExpense": 42,
        "interestIncomeExpense": -38,
        "minorityInterest": -3,
        "netIncome": 692,
        "netIncomeAfterTaxes": 695,
        "nonRecurringItems": -6,
        "period": "2021-09-30",
        "pretaxIncome": 897,
        "provisionforIncomeTaxes": 202,
        "revenue": 4392,
        "sgaExpense": 2394,
        "totalOperatingExpense": 2394,
        "totalOtherIncomeExpenseNet": 0
      },
      {
        "costOfGoodsSold": 986,
        "dilutedAverageSharesOutstanding": 368.5,
        "dilutedEPS": 2.7626,
        "ebit": 340,
        "grossIncome": 2950,
        "interestExpense": 42,
        "interestIncomeExpense": -31,
        "minorityInterest": 3,
        "netIncome": 1018,
        "netIncomeAfterTaxes": 1015,
        "nonRecurringItems": -106,
        "period": "2021-06-30",
        "pretaxIncome": 1050,
        "provisionforIncomeTaxes": 35,
        "revenue": 3936,
        "sgaExpense": 2610,
        "totalOperatingExpense": 2610,
        "totalOtherIncomeExpenseNet": 847
      },
      {
        "costOfGoodsSold": 939,
        "dilutedAverageSharesOutstanding": 369,
        "dilutedEPS": 1.24,
        "ebit": 780,
        "grossIncome": 2925,
        "interestExpense": 43,
        "interestIncomeExpense": -34,
        "minorityInterest": -2,
        "netIncome": 456,
        "netIncomeAfterTaxes": 458,
        "nonRecurringItems": -164,
        "period": "2021-03-31",
        "pretaxIncome": 580,
        "provisionforIncomeTaxes": 122,
        "revenue": 3864,
        "sgaExpense": 2145,
        "totalOperatingExpense": 2145,
        "totalOtherIncomeExpenseNet": -2
      },
      {
        "costOfGoodsSold": 1084,
        "dilutedAverageSharesOutstanding": 368,
        "dilutedEPS": 2.37,
        "ebit": 1179,
        "grossIncome": 3769,
        "interestExpense": 43,
        "interestIncomeExpense": -26,
        "minorityInterest": -4,
        "netIncome": 873,
        "netIncomeAfterTaxes": 877,
        "nonRecurringItems": -116,
        "period": "2020-12-31",
        "pretaxIncome": 1030,
        "provisionforIncomeTaxes": 153,
        "revenue": 4853,
        "sgaExpense": 2590,
        "totalOperatingExpense": 2590,
        "totalOtherIncomeExpenseNet": -7
      },
      {
        "costOfGoodsSold": 825,
        "dilutedAverageSharesOutstanding": 367.2,
        "dilutedEPS": 1.42,
        "ebit": 711,
        "grossIncome": 2737,
        "interestExpense": 45,
        "interestIncomeExpense": -31,
        "minorityInterest": -2,
        "netIncome": 523,
        "netIncomeAfterTaxes": 525,
        "nonRecurringItems": -6,
        "period": "2020-09-30",
        "pretaxIncome": 671,
        "provisionforIncomeTaxes": 146,
        "revenue": 3562,
        "sgaExpense": 2026,
        "totalOperatingExpense": 2026,
        "totalOtherIncomeExpenseNet": -3
      },
      {
        "costOfGoodsSold": 767,
        "dilutedAverageSharesOutstanding": 360.6,
        "dilutedEPS": -1.28,
        "ebit": -221,
        "grossIncome": 1663,
        "interestExpense": 49,
        "interestIncomeExpense": -61,
        "minorityInterest": -3,
        "netIncome": -462,
        "netIncomeAfterTaxes": -459,
        "nonRecurringItems": -322,
        "period": "2020-06-30",
        "pretaxIncome": -605,
        "provisionforIncomeTaxes": -146,
        "revenue": 2430,
        "sgaExpense": 1884,
        "totalOperatingExpense": 1884,
        "totalOtherIncomeExpenseNet": -1
      },
      {
        "costOfGoodsSold": 836,
        "dilutedAverageSharesOutstanding": 360.2,
        "dilutedEPS": -0.02,
        "ebit": 431,
        "grossIncome": 2509,
        "interestExpense": 30,
        "interestIncomeExpense": 21,
        "minorityInterest": -2,
        "netIncome": -6,
        "netIncomeAfterTaxes": -4,
        "nonRecurringItems": -371,
        "period": "2020-03-31",
        "pretaxIncome": 80,
        "provisionforIncomeTaxes": 84,
        "revenue": 3345,
        "sgaExpense": 2078,
        "totalOperatingExpense": 2078,
        "totalOtherIncomeExpenseNet": -1
      },
      {
        "costOfGoodsSold": 1041,
        "dilutedAverageSharesOutstanding": 366.7,
        "dilutedEPS": 1.52,
        "ebit": 1021,
        "grossIncome": 3583,
        "interestExpense": 37,
        "interestIncomeExpense": 581,
        "minorityInterest": -4,
        "netIncome": 557,
        "netIncomeAfterTaxes": 561,
        "nonRecurringItems": -790,
        "period": "2019-12-31",
        "pretaxIncome": 811,
        "provisionforIncomeTaxes": 250,
        "revenue": 4624,
        "sgaExpense": 2562,
        "totalOperatingExpense": 2562,
        "totalOtherIncomeExpenseNet": -1
      },
      {
        "costOfGoodsSold": 908,
        "dilutedAverageSharesOutstanding": 368.6,
        "dilutedEPS": 1.61,
        "ebit": 829,
        "grossIncome": 2987,
        "interestExpense": 34,
        "interestIncomeExpense": -45,
        "minorityInterest": -3,
        "netIncome": 595,
        "netIncomeAfterTaxes": 598,
        "nonRecurringItems": -23,
        "period": "2019-09-30",
        "pretaxIncome": 760,
        "provisionforIncomeTaxes": 162,
        "revenue": 3895,
        "sgaExpense": 2158,
        "totalOperatingExpense": 2158,
        "totalOtherIncomeExpenseNet": -1
      },
      {
        "costOfGoodsSold": 835,
        "dilutedAverageSharesOutstanding": 368.9,
        "dilutedEPS": 0.43,
        "ebit": 337,
        "grossIncome": 2755,
        "interestExpense": 32,
        "interestIncomeExpense": -20,
        "minorityInterest": -1,
        "netIncome": 157,
        "netIncomeAfterTaxes": 158,
        "nonRecurringItems": -117,
        "period": "2019-06-30",
        "pretaxIncome": 199,
        "provisionforIncomeTaxes": 41,
        "revenue": 3590,
        "sgaExpense": 2418,
        "totalOperatingExpense": 2418,
        "totalOtherIncomeExpenseNet": -1
      },
      {
        "costOfGoodsSold": 819,
        "dilutedAverageSharesOutstanding": 368.3,
        "dilutedEPS": 1.51,
        "ebit": 767,
        "grossIncome": 2925,
        "interestExpense": 32,
        "interestIncomeExpense": -29,
        "minorityInterest": -2,
        "netIncome": 555,
        "netIncomeAfterTaxes": 557,
        "nonRecurringItems": -81,
        "period": "2019-03-31",
        "pretaxIncome": 727,
        "provisionforIncomeTaxes": 170,
        "revenue": 3744,
        "sgaExpense": 2158,
        "totalOperatingExpense": 2158,
        "totalOtherIncomeExpenseNet": 70
      },
      {
        "costOfGoodsSold": 910,
        "dilutedAverageSharesOutstanding": 369.9,
        "dilutedEPS": 1.54,
        "ebit": 850,
        "grossIncome": 3095,
        "interestExpense": 35,
        "interestIncomeExpense": -35,
        "minorityInterest": -4,
        "netIncome": 573,
        "netIncomeAfterTaxes": 583,
        "nonRecurringItems": -67,
        "period": "2018-12-31",
        "pretaxIncome": 748,
        "provisionforIncomeTaxes": 165,
        "revenue": 4005,
        "sgaExpense": 2245,
        "totalOperatingExpense": 2245
      },
      {
        "costOfGoodsSold": 823,
        "dilutedAverageSharesOutstanding": 374.4,
        "dilutedEPS": 1.33,
        "ebit": 671,
        "grossIncome": 2701,
        "interestExpense": 34,
        "interestIncomeExpense": 3,
        "minorityInterest": -2,
        "netIncome": 500,
        "netIncomeAfterTaxes": 501,
        "nonRecurringItems": -41,
        "period": "2018-09-30",
        "pretaxIncome": 633,
        "provisionforIncomeTaxes": 132,
        "revenue": 3524,
        "sgaExpense": 2030,
        "totalOperatingExpense": 2030,
        "totalOtherIncomeExpenseNet": 0
      },
      {
        "costOfGoodsSold": 697,
        "dilutedAverageSharesOutstanding": 375.7,
        "dilutedEPS": 0.49,
        "ebit": 314,
        "grossIncome": 2598,
        "interestExpense": 32,
        "interestIncomeExpense": -20,
        "minorityInterest": -2,
        "netIncome": 186,
        "netIncomeAfterTaxes": 223,
        "nonRecurringItems": -33,
        "period": "2018-06-30",
        "pretaxIncome": 261,
        "provisionforIncomeTaxes": 38,
        "revenue": 3295,
        "sgaExpense": 2284,
        "totalOperatingExpense": 2284
      },
      {
        "costOfGoodsSold": 683,
        "dilutedAverageSharesOutstanding": 375.7,
        "dilutedEPS": 0.98,
        "ebit": 596,
        "grossIncome": 2687,
        "interestExpense": 33,
        "interestIncomeExpense": -19,
        "minorityInterest": -2,
        "netIncome": 372,
        "netIncomeAfterTaxes": 372,
        "nonRecurringItems": -97,
        "period": "2018-03-31",
        "pretaxIncome": 480,
        "provisionforIncomeTaxes": 108,
        "revenue": 3370,
        "sgaExpense": 2091,
        "totalOperatingExpense": 2091
      },
      {
        "costOfGoodsSold": 753,
        "dilutedAverageSharesOutstanding": 376.1,
        "dilutedEPS": 0.32,
        "ebit": 778,
        "grossIncome": 2991,
        "interestExpense": 32,
        "interestIncomeExpense": -21,
        "minorityInterest": -2,
        "netIncome": 123,
        "netIncomeAfterTaxes": 519,
        "nonRecurringItems": -67,
        "period": "2017-12-31",
        "pretaxIncome": 690,
        "provisionforIncomeTaxes": 171,
        "revenue": 3744,
        "sgaExpense": 2213,
        "totalOperatingExpense": 2213
      },
      {
        "costOfGoodsSold": 711,
        "dilutedAverageSharesOutstanding": 375.4,
        "dilutedEPS": 1.14,
        "ebit": 602,
        "grossIncome": 2563,
        "interestExpense": 31,
        "interestIncomeExpense": -19,
        "minorityInterest": -3,
        "netIncome": 427,
        "netIncomeAfterTaxes": 430,
        "nonRecurringItems": -34,
        "period": "2017-09-30",
        "pretaxIncome": 549,
        "provisionforIncomeTaxes": 119,
        "revenue": 3274,
        "sgaExpense": 1961,
        "totalOperatingExpense": 1961
      },
      {
        "costOfGoodsSold": 613,
        "dilutedAverageSharesOutstanding": 373.9,
        "dilutedEPS": 0.61,
        "ebit": 326,
        "grossIncome": 2281,
        "interestExpense": 32,
        "interestIncomeExpense": -15,
        "minorityInterest": -1,
        "netIncome": 229,
        "netIncomeAfterTaxes": 230,
        "nonRecurringItems": -104,
        "period": "2017-06-30",
        "pretaxIncome": 207,
        "provisionforIncomeTaxes": -23,
        "revenue": 2894,
        "sgaExpense": 1955,
        "totalOperatingExpense": 1955
      },
      {
        "costOfGoodsSold": 591,
        "dilutedAverageSharesOutstanding": 372.3,
        "dilutedEPS": 0.8,
        "ebit": 497,
        "grossIncome": 2266,
        "interestExpense": 28,
        "interestIncomeExpense": -31,
        "minorityInterest": -2,
        "netIncome": 298,
        "netIncomeAfterTaxes": 300,
        "nonRecurringItems": -59,
        "period": "2017-03-31",
        "pretaxIncome": 407,
        "provisionforIncomeTaxes": 107,
        "revenue": 2857,
        "sgaExpense": 1769,
        "totalOperatingExpense": 1769
      },
      {
        "costOfGoodsSold": 637,
        "dilutedAverageSharesOutstanding": 372.6,
        "dilutedEPS": 1.15,
        "ebit": 658,
        "grossIncome": 2571,
        "interestExpense": 22,
        "interestIncomeExpense": -21,
        "minorityInterest": -2,
        "netIncome": 428,
        "netIncomeAfterTaxes": 430,
        "nonRecurringItems": -37,
        "period": "2016-12-31",
        "pretaxIncome": 600,
        "provisionforIncomeTaxes": 170,
        "revenue": 3208,
        "sgaExpense": 1913,
        "totalOperatingExpense": 1913
      },
      {
        "costOfGoodsSold": 596,
        "dilutedAverageSharesOutstanding": 373.3,
        "dilutedEPS": 0.79,
        "ebit": 446,
        "grossIncome": 2269,
        "interestExpense": 21,
        "interestIncomeExpense": -17,
        "minorityInterest": -2,
        "netIncome": 294,
        "netIncomeAfterTaxes": 296,
        "nonRecurringItems": -26,
        "period": "2016-09-30",
        "pretaxIncome": 403,
        "provisionforIncomeTaxes": 107,
        "revenue": 2865,
        "sgaExpense": 1823,
        "totalOperatingExpense": 1823
      },
      {
        "costOfGoodsSold": 510.7,
        "dilutedAverageSharesOutstanding": 375.7,
        "dilutedEPS": 0.25,
        "ebit": 258.9,
        "grossIncome": 2135.6,
        "interestExpense": 18.6,
        "interestIncomeExpense": -29.2,
        "minorityInterest": -1.5,
        "netIncome": 93.5,
        "netIncomeAfterTaxes": 95,
        "nonRecurringItems": -99.4,
        "period": "2016-06-30",
        "pretaxIncome": 130.3,
        "provisionforIncomeTaxes": 35.3,
        "revenue": 2646.3,
        "sgaExpense": 1876.7,
        "totalOperatingExpense": 1876.7
      },
      {
        "costOfGoodsSold": 504.2,
        "dilutedAverageSharesOutstanding": 375.6,
        "dilutedEPS": 0.71,
        "ebit": 379.2,
        "grossIncome": 2152.3,
        "interestExpense": 18,
        "interestIncomeExpense": 6.2,
        "minorityInterest": -1,
        "netIncome": 265.6,
        "netIncomeAfterTaxes": 266.6,
        "nonRecurringItems": -15.2,
        "period": "2016-03-31",
        "pretaxIncome": 370.2,
        "provisionforIncomeTaxes": 103.6,
        "revenue": 2656.5,
        "sgaExpense": 1773.1,
        "totalOperatingExpense": 1773.1
      },
      {
        "costOfGoodsSold": 589,
        "dilutedAverageSharesOutstanding": 376,
        "dilutedEPS": 1.19,
        "ebit": 653.9,
        "grossIncome": 2535.8,
        "interestExpense": 17,
        "interestIncomeExpense": -19.8,
        "minorityInterest": -2.2,
        "netIncome": 446.2,
        "netIncomeAfterTaxes": 448.4,
        "nonRecurringItems": -18.5,
        "period": "2015-12-31",
        "pretaxIncome": 615.6,
        "provisionforIncomeTaxes": 167.2,
        "revenue": 3124.8,
        "sgaExpense": 1881.9,
        "totalOperatingExpense": 1881.9
      },
      {
        "costOfGoodsSold": 577.2,
        "dilutedAverageSharesOutstanding": 379,
        "dilutedEPS": 0.82,
        "ebit": 446.2,
        "grossIncome": 2257.5,
        "interestExpense": 17.1,
        "interestIncomeExpense": -7.1,
        "minorityInterest": -1.5,
        "netIncome": 309.3,
        "netIncomeAfterTaxes": 310.8,
        "period": "2015-09-30",
        "pretaxIncome": 439.1,
        "provisionforIncomeTaxes": 128.3,
        "revenue": 2834.7,
        "sgaExpense": 1811.3,
        "totalOperatingExpense": 1811.3
      }
    ],
    "symbol": "EL"
  }
}