{
  "symbol": "DOV",
  "statement": "ic",
  "frequency": "annual",
  "timestamp": "2025-09-19T13:59:20.671897",
  "data": {
    "financials": [
      {
        "costOfGoodsSold": 4749.295,
        "dilutedAverageSharesOutstanding": 138.696,
        "dilutedEPS": 19.44,
        "ebit": 1276.165,
        "grossIncome": 2996.614,
        "interestExpense": 131.171,
        "interestIncomeExpense": -94.013,
        "netIncome": 2697.126,
        "netIncomeAfterTaxes": 1399.968,
        "nonRecurringItems": 527.988,
        "period": "2024-12-31",
        "pretaxIncome": 1757.016,
        "provisionforIncomeTaxes": 357.048,
        "revenue": 7745.909,
        "sgaExpense": 1720.449,
        "totalOperatingExpense": 1720.449,
        "totalOtherIncomeExpenseNet": 46.876,
        "year": 2024
      },
      {
        "costOfGoodsSold": 4797.58,
        "dilutedAverageSharesOutstanding": 140.599,
        "dilutedEPS": 7.51,
        "ebit": 1269.241,
        "grossIncome": 2886.896,
        "interestExpense": 131.304,
        "interestIncomeExpense": -117.808,
        "netIncome": 1056.828,
        "netIncomeAfterTaxes": 943.864,
        "nonRecurringItems": -49.901,
        "period": "2023-12-31",
        "pretaxIncome": 1123,
        "provisionforIncomeTaxes": 179.136,
        "revenue": 7684.476,
        "sgaExpense": 1617.655,
        "totalOperatingExpense": 1617.655,
        "totalOtherIncomeExpenseNet": 21.468,
        "year": 2023
      },
      {
        "costOfGoodsSold": 4932.366,
        "dilutedAverageSharesOutstanding": 143.595,
        "dilutedEPS": 7.41,
        "ebit": 1310.121,
        "grossIncome": 2911.808,
        "interestExpense": 116.456,
        "interestIncomeExpense": -112.027,
        "netIncome": 1065.376,
        "netIncomeAfterTaxes": 989.912,
        "nonRecurringItems": -30.48,
        "period": "2022-12-31",
        "pretaxIncome": 1190.203,
        "provisionforIncomeTaxes": 200.291,
        "revenue": 7844.174,
        "sgaExpense": 1601.687,
        "totalOperatingExpense": 1601.687,
        "totalOtherIncomeExpenseNet": 22.589,
        "year": 2022
      },
      {
        "costOfGoodsSold": 4924.4,
        "dilutedAverageSharesOutstanding": 145.273,
        "dilutedEPS": 7.7359,
        "ebit": 1308.213,
        "grossIncome": 2982.681,
        "interestExpense": 106.319,
        "interestIncomeExpense": -101.878,
        "netIncome": 1123.818,
        "netIncomeAfterTaxes": 1123.818,
        "nonRecurringItems": 179.633,
        "period": "2021-12-31",
        "pretaxIncome": 1400.826,
        "provisionforIncomeTaxes": 277.008,
        "revenue": 7907.081,
        "sgaExpense": 1674.468,
        "totalOperatingExpense": 1674.468,
        "totalOtherIncomeExpenseNet": 14.858,
        "year": 2021
      },
      {
        "costOfGoodsSold": 4190.8,
        "dilutedAverageSharesOutstanding": 145.4,
        "dilutedEPS": 4.7,
        "ebit": 977.5,
        "grossIncome": 2492.9,
        "interestExpense": 111.937,
        "interestIncomeExpense": -108.4,
        "netIncome": 683.5,
        "netIncomeAfterTaxes": 683.5,
        "nonRecurringItems": -39.3,
        "period": "2020-12-31",
        "pretaxIncome": 841.7,
        "provisionforIncomeTaxes": 158.3,
        "revenue": 6683.8,
        "sgaExpense": 1515.5,
        "totalOperatingExpense": 1515.5,
        "totalOtherIncomeExpenseNet": 11.9,
        "year": 2020
      },
      {
        "costOfGoodsSold": 4506.5,
        "dilutedAverageSharesOutstanding": 147,
        "dilutedEPS": 4.61,
        "ebit": 1048.7,
        "grossIncome": 2629.8,
        "interestExpense": 125.818,
        "interestIncomeExpense": -121.3,
        "netIncome": 677.9,
        "netIncomeAfterTaxes": 677.9,
        "nonRecurringItems": -97.3,
        "period": "2019-12-31",
        "pretaxIncome": 843,
        "provisionforIncomeTaxes": 165.1,
        "revenue": 7136.4,
        "sgaExpense": 1581.2,
        "totalOperatingExpense": 1581.2,
        "totalOtherIncomeExpenseNet": 13,
        "year": 2019
      },
      {
        "costOfGoodsSold": 4415.6,
        "dilutedAverageSharesOutstanding": 152.1,
        "dilutedEPS": 3.74,
        "ebit": 901.6,
        "grossIncome": 2576.5,
        "interestExpense": 130.972,
        "interestIncomeExpense": -122.1,
        "netIncome": 570.3,
        "netIncomeAfterTaxes": 586.9,
        "nonRecurringItems": -58.5,
        "period": "2018-12-31",
        "pretaxIncome": 725.4,
        "provisionforIncomeTaxes": 138.4,
        "revenue": 6992.1,
        "sgaExpense": 1674.9,
        "totalOperatingExpense": 1674.9,
        "totalOtherIncomeExpenseNet": 4.4,
        "year": 2018
      },
      {
        "costOfGoodsSold": 4275.2,
        "dilutedAverageSharesOutstanding": 157.7,
        "dilutedEPS": 5.14,
        "ebit": 859.1,
        "grossIncome": 2545.7,
        "interestExpense": 144.948,
        "interestIncomeExpense": -129.6,
        "netIncome": 811.7,
        "netIncomeAfterTaxes": 695.8,
        "nonRecurringItems": 150.9,
        "period": "2017-12-31",
        "pretaxIncome": 875.8,
        "provisionforIncomeTaxes": 180.1,
        "revenue": 6820.9,
        "sgaExpense": 1686.6,
        "totalOperatingExpense": 1686.6,
        "totalOtherIncomeExpenseNet": -4.6,
        "year": 2017
      },
      {
        "costOfGoodsSold": 3810.3,
        "dilutedAverageSharesOutstanding": 156.6,
        "dilutedEPS": 3.24,
        "ebit": 734,
        "grossIncome": 2232.9,
        "interestExpense": 135.969,
        "interestIncomeExpense": -125.6,
        "netIncome": 508.9,
        "netIncomeAfterTaxes": 502.1,
        "nonRecurringItems": 71.6,
        "period": "2016-12-31",
        "pretaxIncome": 684.6,
        "provisionforIncomeTaxes": 182.5,
        "revenue": 6043.2,
        "sgaExpense": 1498.9,
        "totalOperatingExpense": 1499,
        "totalOtherIncomeExpenseNet": 4.7,
        "year": 2016
      },
      {
        "costOfGoodsSold": 4367,
        "dilutedAverageSharesOutstanding": 159.2,
        "dilutedEPS": 5.46,
        "ebit": 976,
        "grossIncome": 2589.3,
        "interestExpense": 131.676,
        "interestIncomeExpense": -125.7,
        "netIncome": 869.8,
        "netIncomeAfterTaxes": 595.9,
        "nonRecurringItems": -51.6,
        "period": "2015-12-31",
        "pretaxIncome": 800.6,
        "provisionforIncomeTaxes": 204.7,
        "revenue": 6956.3,
        "sgaExpense": 1613.4,
        "totalOperatingExpense": 1613.3,
        "totalOtherIncomeExpenseNet": 1.9,
        "year": 2015
      }
    ],
    "symbol": "DOV"
  }
}