{
  "symbol": "MOH",
  "statement": "ic",
  "frequency": "annual",
  "timestamp": "2025-09-19T14:04:10.459777",
  "data": {
    "financials": [
      {
        "costOfGoodsSold": 34428,
        "depreciationAmortization": 186,
        "dilutedAverageSharesOutstanding": 57.7,
        "dilutedEPS": 20.4333,
        "ebit": 1708,
        "grossIncome": 6222,
        "interestExpense": 118,
        "interestIncomeExpense": -118,
        "netIncome": 1179,
        "netIncomeAfterTaxes": 1179,
        "nonRecurringItems": -1,
        "otherOperatingExpensesTotal": 100,
        "period": "2024-12-31",
        "pretaxIncome": 1589,
        "provisionforIncomeTaxes": 410,
        "revenue": 40650,
        "sgaExpense": 4228,
        "totalOperatingExpense": 4514,
        "year": 2024
      },
      {
        "costOfGoodsSold": 28669,
        "depreciationAmortization": 171,
        "dilutedAverageSharesOutstanding": 58.1,
        "dilutedEPS": 18.778,
        "ebit": 1614,
        "grossIncome": 5403,
        "interestExpense": 109,
        "interestIncomeExpense": -109,
        "netIncome": 1091,
        "netIncomeAfterTaxes": 1091,
        "nonRecurringItems": -41,
        "otherOperatingExpensesTotal": 87,
        "period": "2023-12-31",
        "pretaxIncome": 1464,
        "provisionforIncomeTaxes": 373,
        "revenue": 34072,
        "sgaExpense": 3531,
        "totalOperatingExpense": 3789,
        "totalOtherIncomeExpenseNet": 0,
        "year": 2023
      },
      {
        "costOfGoodsSold": 27175,
        "depreciationAmortization": 176,
        "dilutedAverageSharesOutstanding": 59,
        "dilutedEPS": 13.42,
        "ebit": 1439,
        "grossIncome": 4799,
        "interestExpense": 110,
        "interestIncomeExpense": -110,
        "netIncome": 792,
        "netIncomeAfterTaxes": 792,
        "nonRecurringItems": -266,
        "period": "2022-12-31",
        "pretaxIncome": 1063,
        "provisionforIncomeTaxes": 271,
        "revenue": 31974,
        "sgaExpense": 3184,
        "totalOperatingExpense": 3360,
        "totalOtherIncomeExpenseNet": 0,
        "year": 2022
      },
      {
        "costOfGoodsSold": 23704,
        "depreciationAmortization": 131,
        "dilutedAverageSharesOutstanding": 59,
        "dilutedEPS": 11.16,
        "ebit": 1115,
        "grossIncome": 4067,
        "interestExpense": 120,
        "interestIncomeExpense": -120,
        "netIncome": 659,
        "netIncomeAfterTaxes": 659,
        "nonRecurringItems": -120,
        "period": "2021-12-31",
        "pretaxIncome": 875,
        "provisionforIncomeTaxes": 216,
        "revenue": 27771,
        "sgaExpense": 2821,
        "totalOperatingExpense": 2952,
        "year": 2021
      },
      {
        "costOfGoodsSold": 15820,
        "depreciationAmortization": 88,
        "dilutedAverageSharesOutstanding": 60,
        "dilutedEPS": 11.22,
        "ebit": 1125,
        "grossIncome": 3603,
        "interestExpense": 102,
        "interestIncomeExpense": -102,
        "netIncome": 673,
        "netIncomeAfterTaxes": 673,
        "nonRecurringItems": -62,
        "period": "2020-12-31",
        "pretaxIncome": 961,
        "provisionforIncomeTaxes": 288,
        "revenue": 19423,
        "sgaExpense": 2390,
        "totalOperatingExpense": 2478,
        "year": 2020
      },
      {
        "costOfGoodsSold": 13905,
        "depreciationAmortization": 89,
        "dilutedAverageSharesOutstanding": 64,
        "dilutedEPS": 11.52,
        "ebit": 1050,
        "grossIncome": 2924,
        "interestExpense": 87,
        "interestIncomeExpense": -87,
        "netIncome": 737,
        "netIncomeAfterTaxes": 737,
        "nonRecurringItems": 9,
        "period": "2019-12-31",
        "pretaxIncome": 972,
        "provisionforIncomeTaxes": 235,
        "revenue": 16829,
        "sgaExpense": 1785,
        "totalOperatingExpense": 1874,
        "year": 2019
      },
      {
        "costOfGoodsSold": 15501,
        "depreciationAmortization": 99,
        "dilutedAverageSharesOutstanding": 67,
        "dilutedEPS": 10.55,
        "ebit": 1192,
        "grossIncome": 3389,
        "interestExpense": 115,
        "interestIncomeExpense": -115,
        "netIncome": 707,
        "netIncomeAfterTaxes": 707,
        "nonRecurringItems": -73,
        "period": "2018-12-31",
        "pretaxIncome": 999,
        "provisionforIncomeTaxes": 292,
        "revenue": 18890,
        "sgaExpense": 2098,
        "totalOperatingExpense": 2197,
        "totalOtherIncomeExpenseNet": -5,
        "year": 2018
      },
      {
        "costOfGoodsSold": 17565,
        "depreciationAmortization": 137,
        "dilutedAverageSharesOutstanding": 56,
        "dilutedEPS": -9.14,
        "ebit": 149,
        "grossIncome": 2318,
        "interestExpense": 118,
        "interestIncomeExpense": -118,
        "netIncome": -512,
        "netIncomeAfterTaxes": -458,
        "nonRecurringItems": -704,
        "period": "2017-12-31",
        "pretaxIncome": -612,
        "provisionforIncomeTaxes": -154,
        "revenue": 19883,
        "sgaExpense": 2032,
        "totalOperatingExpense": 2169,
        "totalOtherIncomeExpenseNet": 61,
        "year": 2017
      },
      {
        "costOfGoodsSold": 15259,
        "depreciationAmortization": 139,
        "dilutedAverageSharesOutstanding": 56,
        "dilutedEPS": 0.93,
        "ebit": 306,
        "grossIncome": 2523,
        "interestExpense": 101,
        "interestIncomeExpense": -101,
        "netIncome": 52,
        "netIncomeAfterTaxes": 52,
        "period": "2016-12-31",
        "pretaxIncome": 205,
        "provisionforIncomeTaxes": 153,
        "revenue": 17782,
        "sgaExpense": 2078,
        "totalOperatingExpense": 2217,
        "totalOtherIncomeExpenseNet": 0,
        "year": 2016
      },
      {
        "costOfGoodsSold": 11987,
        "depreciationAmortization": 104,
        "dilutedAverageSharesOutstanding": 56,
        "dilutedEPS": 2.55,
        "ebit": 387,
        "grossIncome": 2191,
        "interestExpense": 66,
        "interestIncomeExpense": -66,
        "netIncome": 143,
        "netIncomeAfterTaxes": 143,
        "period": "2015-12-31",
        "pretaxIncome": 322,
        "provisionforIncomeTaxes": 179,
        "revenue": 14178,
        "sgaExpense": 1700,
        "totalOperatingExpense": 1804,
        "totalOtherIncomeExpenseNet": 1,
        "year": 2015
      }
    ],
    "symbol": "MOH"
  }
}