{
  "symbol": "TMO",
  "statement": "ic",
  "frequency": "annual",
  "timestamp": "2025-09-19T14:07:31.610781",
  "data": {
    "financials": [
      {
        "costOfGoodsSold": 24818,
        "depreciationAmortization": 1952,
        "dilutedAverageSharesOutstanding": 383,
        "dilutedEPS": 16.54,
        "ebit": 7716,
        "equityEarningsAffiliates": -42,
        "grossIncome": 18061,
        "interestExpense": 1390,
        "interestIncomeExpense": -312,
        "minorityInterest": -3,
        "netIncome": 6335,
        "netIncomeAfterTaxes": 6380,
        "nonRecurringItems": -379,
        "period": "2024-12-31",
        "pretaxIncome": 7037,
        "provisionforIncomeTaxes": 657,
        "researchDevelopment": 1390,
        "revenue": 42879,
        "sgaExpense": 7003,
        "totalOperatingExpense": 10345,
        "totalOtherIncomeExpenseNet": 12,
        "year": 2024
      },
      {
        "costOfGoodsSold": 25757,
        "dilutedAverageSharesOutstanding": 388,
        "dilutedEPS": 15.45,
        "ebit": 7318,
        "equityEarningsAffiliates": -59,
        "grossIncome": 17100,
        "interestExpense": 1375,
        "interestIncomeExpense": -542,
        "minorityInterest": 40,
        "netIncome": 5995,
        "netIncomeAfterTaxes": 6014,
        "nonRecurringItems": -459,
        "otherOperatingExpensesTotal": 25,
        "period": "2023-12-31",
        "pretaxIncome": 6298,
        "provisionforIncomeTaxes": 284,
        "researchDevelopment": 1337,
        "revenue": 42857,
        "sgaExpense": 8420,
        "totalOperatingExpense": 9782,
        "totalOtherIncomeExpenseNet": -19,
        "year": 2023
      },
      {
        "costOfGoodsSold": 25944,
        "dilutedAverageSharesOutstanding": 394,
        "dilutedEPS": 17.64,
        "ebit": 8507,
        "equityEarningsAffiliates": -172,
        "grossIncome": 18971,
        "interestExpense": 726,
        "interestIncomeExpense": -548,
        "minorityInterest": -10,
        "netIncome": 6950,
        "netIncomeAfterTaxes": 7132,
        "nonRecurringItems": -140,
        "otherOperatingExpensesTotal": 59,
        "period": "2022-12-31",
        "pretaxIncome": 7835,
        "provisionforIncomeTaxes": 703,
        "researchDevelopment": 1471,
        "revenue": 44915,
        "sgaExpense": 8934,
        "totalOperatingExpense": 10464,
        "totalOtherIncomeExpenseNet": 16,
        "year": 2022
      },
      {
        "costOfGoodsSold": 19573,
        "dilutedAverageSharesOutstanding": 397,
        "dilutedEPS": 19.46,
        "ebit": 10369,
        "equityEarningsAffiliates": -4,
        "grossIncome": 19638,
        "interestExpense": 536,
        "interestIncomeExpense": -427,
        "minorityInterest": -3,
        "netIncome": 7725,
        "netIncomeAfterTaxes": 7732,
        "nonRecurringItems": -1108,
        "otherOperatingExpensesTotal": 47,
        "period": "2021-12-31",
        "pretaxIncome": 8841,
        "provisionforIncomeTaxes": 1109,
        "researchDevelopment": 1406,
        "revenue": 39211,
        "sgaExpense": 7816,
        "totalOperatingExpense": 9269,
        "totalOtherIncomeExpenseNet": 7,
        "year": 2021
      },
      {
        "costOfGoodsSold": 16231,
        "dilutedAverageSharesOutstanding": 399,
        "dilutedEPS": 15.98,
        "ebit": 7866,
        "grossIncome": 15987,
        "interestExpense": 553,
        "interestIncomeExpense": -552,
        "netIncome": 6375,
        "netIncomeAfterTaxes": 6375,
        "nonRecurringItems": -89,
        "period": "2020-12-31",
        "pretaxIncome": 7225,
        "provisionforIncomeTaxes": 850,
        "researchDevelopment": 1181,
        "revenue": 32218,
        "sgaExpense": 6940,
        "totalOperatingExpense": 8121,
        "year": 2020
      },
      {
        "costOfGoodsSold": 14213,
        "dilutedAverageSharesOutstanding": 403,
        "dilutedEPS": 9.19,
        "ebit": 4244,
        "grossIncome": 11329,
        "interestExpense": 676,
        "interestIncomeExpense": -409,
        "netIncome": 3696,
        "netIncomeAfterTaxes": 3704,
        "nonRecurringItems": 167,
        "period": "2019-12-31",
        "pretaxIncome": 4070,
        "provisionforIncomeTaxes": 366,
        "researchDevelopment": 1003,
        "revenue": 25542,
        "sgaExpense": 6082,
        "totalOperatingExpense": 7085,
        "totalOtherIncomeExpenseNet": 68,
        "year": 2019
      },
      {
        "costOfGoodsSold": 13499,
        "dilutedAverageSharesOutstanding": 406,
        "dilutedEPS": 7.23,
        "ebit": 3864,
        "grossIncome": 10859,
        "interestExpense": 667,
        "interestIncomeExpense": -530,
        "netIncome": 2938,
        "netIncomeAfterTaxes": 3055,
        "nonRecurringItems": -79,
        "period": "2018-12-31",
        "pretaxIncome": 3262,
        "provisionforIncomeTaxes": 207,
        "researchDevelopment": 967,
        "revenue": 24358,
        "sgaExpense": 6028,
        "totalOperatingExpense": 6995,
        "totalOtherIncomeExpenseNet": 7,
        "year": 2018
      },
      {
        "costOfGoodsSold": 11473,
        "dilutedAverageSharesOutstanding": 398,
        "dilutedEPS": 5.59,
        "ebit": 3143,
        "grossIncome": 9445,
        "interestExpense": 592,
        "interestIncomeExpense": -608,
        "netIncome": 2225,
        "netIncomeAfterTaxes": 2432,
        "nonRecurringItems": -175,
        "period": "2017-12-31",
        "pretaxIncome": 2429,
        "provisionforIncomeTaxes": -3,
        "researchDevelopment": 888,
        "revenue": 20918,
        "sgaExpense": 5414,
        "totalOperatingExpense": 6302,
        "totalOtherIncomeExpenseNet": 69,
        "year": 2017
      },
      {
        "costOfGoodsSold": 9905,
        "dilutedAverageSharesOutstanding": 397.4,
        "dilutedEPS": 5.1,
        "ebit": 2742.3,
        "grossIncome": 8369.1,
        "interestExpense": 469.6,
        "interestIncomeExpense": -520.8,
        "netIncome": 2021.8,
        "netIncomeAfterTaxes": 2025.3,
        "nonRecurringItems": -293.1,
        "period": "2016-12-31",
        "pretaxIncome": 2023.9,
        "provisionforIncomeTaxes": -1.4,
        "researchDevelopment": 754.8,
        "revenue": 18274.1,
        "sgaExpense": 4872,
        "totalOperatingExpense": 5626.8,
        "totalOtherIncomeExpenseNet": 95.5,
        "year": 2016
      },
      {
        "costOfGoodsSold": 9209.5,
        "dilutedAverageSharesOutstanding": 401.9,
        "dilutedEPS": 4.93,
        "ebit": 2497.8,
        "grossIncome": 7755.9,
        "interestExpense": 414.9,
        "interestIncomeExpense": -264.9,
        "netIncome": 1975.4,
        "netIncomeAfterTaxes": 1980.3,
        "nonRecurringItems": -161.6,
        "period": "2015-12-31",
        "pretaxIncome": 1936.4,
        "provisionforIncomeTaxes": -43.9,
        "researchDevelopment": 692.3,
        "revenue": 16965.4,
        "sgaExpense": 4565.8,
        "totalOperatingExpense": 5258.1,
        "totalOtherIncomeExpenseNet": -134.9,
        "year": 2015
      }
    ],
    "symbol": "TMO"
  }
}