{
  "symbol": "EXR",
  "statement": "ic",
  "frequency": "quarterly",
  "timestamp": "2025-09-19T14:00:15.465490",
  "data": {
    "financials": [
      {
        "costOfGoodsSold": 244.566,
        "depreciationAmortization": 177.266,
        "dilutedAverageSharesOutstanding": 211.9409,
        "dilutedEPS": 1.1762,
        "ebit": 374.834,
        "grossIncome": 597.052,
        "interestExpense": 157.898,
        "interestIncomeExpense": -99.616,
        "minorityInterest": -12.985,
        "netIncome": 249.282,
        "netIncomeAfterTaxes": 262.716,
        "nonRecurringItems": -0.864,
        "period": "2025-06-30",
        "pretaxIncome": 274.354,
        "provisionforIncomeTaxes": 11.638,
        "revenue": 841.618,
        "sgaExpense": 44.952,
        "totalOperatingExpense": 222.218
      },
      {
        "costOfGoodsSold": 240.698,
        "depreciationAmortization": 180.356,
        "dilutedAverageSharesOutstanding": 212.0527,
        "dilutedEPS": 1.2754,
        "ebit": 352.969,
        "grossIncome": 579.299,
        "interestExpense": 153.712,
        "interestIncomeExpense": -94.814,
        "minorityInterest": -14.05,
        "netIncome": 270.459,
        "netIncomeAfterTaxes": 284.925,
        "nonRecurringItems": 35.761,
        "period": "2025-03-31",
        "pretaxIncome": 293.916,
        "provisionforIncomeTaxes": 8.991,
        "revenue": 819.997,
        "sgaExpense": 45.974,
        "totalOperatingExpense": 226.33
      },
      {
        "costOfGoodsSold": 239.351,
        "depreciationAmortization": 196.202,
        "dilutedAverageSharesOutstanding": 211.3976,
        "dilutedEPS": 1.24,
        "ebit": 342.318,
        "grossIncome": 582.545,
        "interestExpense": 149.636,
        "interestIncomeExpense": -96.196,
        "minorityInterest": -15.314,
        "netIncome": 262.133,
        "netIncomeAfterTaxes": 277.801,
        "nonRecurringItems": 37.714,
        "period": "2024-12-31",
        "pretaxIncome": 283.836,
        "provisionforIncomeTaxes": 6.035,
        "revenue": 821.896,
        "sgaExpense": 44.025,
        "totalOperatingExpense": 240.227
      },
      {
        "costOfGoodsSold": 226.545,
        "depreciationAmortization": 195.046,
        "dilutedAverageSharesOutstanding": 220.2989,
        "dilutedEPS": 0.8753,
        "ebit": 363.463,
        "grossIncome": 598.259,
        "interestExpense": 153.86,
        "interestIncomeExpense": -88.937,
        "minorityInterest": -9.735,
        "netIncome": 192.818,
        "netIncomeAfterTaxes": 202.945,
        "nonRecurringItems": -60.724,
        "period": "2024-09-30",
        "pretaxIncome": 213.802,
        "provisionforIncomeTaxes": 10.857,
        "revenue": 824.804,
        "sgaExpense": 39.75,
        "totalOperatingExpense": 234.796
      },
      {
        "costOfGoodsSold": 216.533,
        "depreciationAmortization": 194.809,
        "dilutedAverageSharesOutstanding": 211.5871,
        "dilutedEPS": 0.8766,
        "ebit": 359.42,
        "grossIncome": 594.13,
        "interestExpense": 147.986,
        "interestIncomeExpense": -99.505,
        "minorityInterest": -9.54,
        "netIncome": 185.476,
        "netIncomeAfterTaxes": 195.412,
        "nonRecurringItems": -54.659,
        "period": "2024-06-30",
        "pretaxIncome": 205.256,
        "provisionforIncomeTaxes": 9.844,
        "revenue": 810.663,
        "sgaExpense": 39.901,
        "totalOperatingExpense": 234.71
      },
      {
        "costOfGoodsSold": 223.023,
        "depreciationAmortization": 196.966,
        "dilutedAverageSharesOutstanding": 220.0188,
        "dilutedEPS": 0.967,
        "ebit": 335.828,
        "grossIncome": 576.516,
        "interestExpense": 143.592,
        "interestIncomeExpense": -105.012,
        "minorityInterest": -10.962,
        "netIncome": 212.758,
        "netIncomeAfterTaxes": 224.074,
        "period": "2024-03-31",
        "pretaxIncome": 230.816,
        "provisionforIncomeTaxes": 6.742,
        "revenue": 799.539,
        "sgaExpense": 43.722,
        "totalOperatingExpense": 240.688
      },
      {
        "costOfGoodsSold": 216.212,
        "depreciationAmortization": 196.139,
        "dilutedAverageSharesOutstanding": 211.5351,
        "dilutedEPS": 1.0203,
        "ebit": 346.026,
        "grossIncome": 581.562,
        "interestExpense": 140.223,
        "interestIncomeExpense": -101.74,
        "minorityInterest": -11.273,
        "netIncome": 215.835,
        "netIncomeAfterTaxes": 227.407,
        "nonRecurringItems": -12.558,
        "period": "2023-12-31",
        "pretaxIncome": 231.728,
        "provisionforIncomeTaxes": 4.321,
        "revenue": 797.774,
        "sgaExpense": 39.397,
        "totalOperatingExpense": 235.536
      },
      {
        "costOfGoodsSold": 204.3,
        "depreciationAmortization": 152.3,
        "dilutedAverageSharesOutstanding": 195.3,
        "dilutedEPS": 0.96,
        "ebit": 354,
        "grossIncome": 543.7,
        "interestExpense": 131.127,
        "interestIncomeExpense": -94,
        "minorityInterest": -10.5,
        "netIncome": 188,
        "netIncomeAfterTaxes": 198.9,
        "nonRecurringItems": -54.2,
        "period": "2023-09-30",
        "pretaxIncome": 205.8,
        "provisionforIncomeTaxes": 6.9,
        "revenue": 748,
        "sgaExpense": 37.4,
        "totalOperatingExpense": 189.7
      },
      {
        "costOfGoodsSold": 124.1,
        "depreciationAmortization": 79.1,
        "dilutedAverageSharesOutstanding": 143.5,
        "dilutedEPS": 1.4,
        "ebit": 273.3,
        "grossIncome": 387.3,
        "interestExpense": 86.372,
        "interestIncomeExpense": -52,
        "minorityInterest": -12.9,
        "netIncome": 202.1,
        "netIncomeAfterTaxes": 215.3,
        "nonRecurringItems": 0,
        "period": "2023-06-30",
        "pretaxIncome": 221.3,
        "provisionforIncomeTaxes": 6,
        "revenue": 511.4,
        "sgaExpense": 34.8,
        "totalOperatingExpense": 113.9
      },
      {
        "costOfGoodsSold": 126.3,
        "depreciationAmortization": 78.5,
        "dilutedAverageSharesOutstanding": 142.9,
        "dilutedEPS": 1.37,
        "ebit": 263.5,
        "grossIncome": 376.8,
        "interestExpense": 80.099,
        "interestIncomeExpense": -50.4,
        "minorityInterest": -12.6,
        "netIncome": 196,
        "netIncomeAfterTaxes": 208.9,
        "period": "2023-03-31",
        "pretaxIncome": 213.2,
        "provisionforIncomeTaxes": 4.3,
        "revenue": 503.1,
        "sgaExpense": 34.8,
        "totalOperatingExpense": 113.2
      },
      {
        "costOfGoodsSold": 121.2,
        "depreciationAmortization": 79.9,
        "dilutedAverageSharesOutstanding": 142,
        "dilutedEPS": 1.43,
        "ebit": 269.7,
        "grossIncome": 385.5,
        "interestExpense": 72.922,
        "interestIncomeExpense": -44.7,
        "minorityInterest": -15.2,
        "netIncome": 204,
        "netIncomeAfterTaxes": 219.5,
        "nonRecurringItems": -0.1,
        "period": "2022-12-31",
        "pretaxIncome": 224.9,
        "provisionforIncomeTaxes": 5.4,
        "revenue": 506.7,
        "sgaExpense": 36,
        "totalOperatingExpense": 115.8
      },
      {
        "costOfGoodsSold": 125.3,
        "depreciationAmortization": 71.4,
        "dilutedAverageSharesOutstanding": 141.5,
        "dilutedEPS": 1.55,
        "ebit": 269.9,
        "grossIncome": 373.6,
        "interestExpense": 56.245,
        "interestIncomeExpense": -27,
        "minorityInterest": -15.4,
        "netIncome": 220.4,
        "netIncomeAfterTaxes": 236.1,
        "nonRecurringItems": 0,
        "period": "2022-09-30",
        "pretaxIncome": 242.9,
        "provisionforIncomeTaxes": 6.8,
        "revenue": 498.9,
        "sgaExpense": 32.3,
        "totalOperatingExpense": 103.7
      },
      {
        "costOfGoodsSold": 111.8,
        "depreciationAmortization": 69.1,
        "dilutedAverageSharesOutstanding": 142.7,
        "dilutedEPS": 1.62,
        "ebit": 262.9,
        "grossIncome": 363.2,
        "interestExpense": 47.466,
        "interestIncomeExpense": -22.2,
        "minorityInterest": -15.7,
        "netIncome": 231.8,
        "netIncomeAfterTaxes": 247.8,
        "nonRecurringItems": 12.8,
        "period": "2022-06-30",
        "pretaxIncome": 253.4,
        "provisionforIncomeTaxes": 5.6,
        "revenue": 475,
        "sgaExpense": 31.3,
        "totalOperatingExpense": 100.3
      },
      {
        "costOfGoodsSold": 110.6,
        "depreciationAmortization": 67.9,
        "dilutedAverageSharesOutstanding": 141.6,
        "dilutedEPS": 1.43,
        "ebit": 235.3,
        "grossIncome": 333,
        "interestExpense": 42.538,
        "interestIncomeExpense": -14.5,
        "minorityInterest": -14.1,
        "netIncome": 203.3,
        "netIncomeAfterTaxes": 217.7,
        "nonRecurringItems": 0,
        "period": "2022-03-31",
        "pretaxIncome": 220.9,
        "provisionforIncomeTaxes": 3.1,
        "revenue": 443.6,
        "sgaExpense": 29.8,
        "totalOperatingExpense": 97.7
      },
      {
        "costOfGoodsSold": 102.4,
        "depreciationAmortization": 62.2,
        "dilutedAverageSharesOutstanding": 140.5,
        "dilutedEPS": 1.9,
        "ebit": 234.9,
        "grossIncome": 325,
        "interestExpense": 45.578,
        "interestIncomeExpense": -23.9,
        "minorityInterest": -15.4,
        "netIncome": 268,
        "netIncomeAfterTaxes": 283.9,
        "nonRecurringItems": 76.9,
        "period": "2021-12-31",
        "pretaxIncome": 287.9,
        "provisionforIncomeTaxes": 4,
        "revenue": 427.4,
        "sgaExpense": 27.9,
        "totalOperatingExpense": 90.1
      },
      {
        "costOfGoodsSold": 100.3,
        "depreciationAmortization": 61.5,
        "dilutedAverageSharesOutstanding": 140.4,
        "dilutedEPS": 1.33,
        "ebit": 226.3,
        "grossIncome": 312.2,
        "interestExpense": 39.67,
        "interestIncomeExpense": -19.7,
        "minorityInterest": -11.5,
        "netIncome": 188,
        "netIncomeAfterTaxes": 199.8,
        "nonRecurringItems": 0,
        "period": "2021-09-30",
        "pretaxIncome": 206.6,
        "provisionforIncomeTaxes": 6.8,
        "revenue": 412.5,
        "sgaExpense": 24.4,
        "totalOperatingExpense": 85.9
      },
      {
        "costOfGoodsSold": 95.9,
        "depreciationAmortization": 59.6,
        "dilutedAverageSharesOutstanding": 140.4,
        "dilutedEPS": 1.19,
        "ebit": 196.8,
        "grossIncome": 282.7,
        "interestExpense": 40.24,
        "interestIncomeExpense": -12.8,
        "minorityInterest": -10.6,
        "netIncome": 167.7,
        "netIncomeAfterTaxes": 178.6,
        "nonRecurringItems": 0,
        "period": "2021-06-30",
        "pretaxIncome": 184,
        "provisionforIncomeTaxes": 5.4,
        "revenue": 378.6,
        "sgaExpense": 26.3,
        "totalOperatingExpense": 85.9
      },
      {
        "costOfGoodsSold": 99.5,
        "depreciationAmortization": 58.6,
        "dilutedAverageSharesOutstanding": 139.7,
        "dilutedEPS": 1.45,
        "ebit": 177.2,
        "grossIncome": 259.3,
        "interestExpense": 40.695,
        "interestIncomeExpense": -21.4,
        "minorityInterest": -12.5,
        "netIncome": 202.7,
        "netIncomeAfterTaxes": 215.5,
        "nonRecurringItems": 63.9,
        "period": "2021-03-31",
        "pretaxIncome": 219.6,
        "provisionforIncomeTaxes": 4.1,
        "revenue": 358.9,
        "sgaExpense": 23.5,
        "totalOperatingExpense": 82.2
      },
      {
        "costOfGoodsSold": 94.7,
        "depreciationAmortization": 56.7,
        "dilutedAverageSharesOutstanding": 131,
        "dilutedEPS": 1.19,
        "ebit": 177.6,
        "grossIncome": 258.8,
        "interestExpense": 41.016,
        "interestIncomeExpense": -25.6,
        "minorityInterest": -10.3,
        "netIncome": 155.9,
        "netIncomeAfterTaxes": 166.3,
        "nonRecurringItems": 18.1,
        "period": "2020-12-31",
        "pretaxIncome": 170.1,
        "provisionforIncomeTaxes": 3.8,
        "revenue": 353.5,
        "sgaExpense": 24.4,
        "totalOperatingExpense": 81.1
      },
      {
        "costOfGoodsSold": 99.5,
        "depreciationAmortization": 56.4,
        "dilutedAverageSharesOutstanding": 129.9,
        "dilutedEPS": 0.88,
        "ebit": 163.2,
        "gainLossOnDispositionOfAssets": 0,
        "grossIncome": 243.5,
        "interestExpense": 43.446,
        "interestIncomeExpense": -34.7,
        "minorityInterest": -9.2,
        "netIncome": 114.5,
        "netIncomeAfterTaxes": 123.9,
        "period": "2020-09-30",
        "pretaxIncome": 128.5,
        "provisionforIncomeTaxes": 4.7,
        "revenue": 343,
        "sgaExpense": 23.9,
        "totalOperatingExpense": 80.3
      },
      {
        "costOfGoodsSold": 95.9,
        "depreciationAmortization": 56,
        "dilutedAverageSharesOutstanding": 129.1,
        "dilutedEPS": 0.8,
        "ebit": 150,
        "grossIncome": 231.3,
        "interestExpense": 42.272,
        "interestIncomeExpense": -35.6,
        "minorityInterest": -8.3,
        "netIncome": 102.7,
        "netIncomeAfterTaxes": 111.3,
        "nonRecurringItems": 0,
        "period": "2020-06-30",
        "pretaxIncome": 114.4,
        "provisionforIncomeTaxes": 3.2,
        "revenue": 327.2,
        "sgaExpense": 25.3,
        "totalOperatingExpense": 81.4
      },
      {
        "costOfGoodsSold": 97,
        "depreciationAmortization": 55.3,
        "dilutedAverageSharesOutstanding": 137.1,
        "dilutedEPS": 0.78,
        "ebit": 157.2,
        "grossIncome": 235.5,
        "interestExpense": 45.567,
        "interestIncomeExpense": -38.9,
        "minorityInterest": -8,
        "netIncome": 108,
        "netIncomeAfterTaxes": 116.2,
        "period": "2020-03-31",
        "pretaxIncome": 118.3,
        "provisionforIncomeTaxes": 2.2,
        "revenue": 332.5,
        "sgaExpense": 23,
        "totalOperatingExpense": 78.3
      },
      {
        "costOfGoodsSold": 95.5,
        "depreciationAmortization": 54.7,
        "dilutedAverageSharesOutstanding": 137.2,
        "dilutedEPS": 0.81,
        "ebit": 164.6,
        "grossIncome": 240.3,
        "interestExpense": 46.019,
        "interestIncomeExpense": -41.6,
        "minorityInterest": -8,
        "netIncome": 112.1,
        "netIncomeAfterTaxes": 120.3,
        "nonRecurringItems": 0,
        "period": "2019-12-31",
        "pretaxIncome": 123,
        "provisionforIncomeTaxes": 2.7,
        "revenue": 335.8,
        "sgaExpense": 20.9,
        "totalOperatingExpense": 75.7
      },
      {
        "costOfGoodsSold": 96.3,
        "depreciationAmortization": 56.1,
        "dilutedAverageSharesOutstanding": 137.3,
        "dilutedEPS": 0.78,
        "ebit": 162.6,
        "grossIncome": 241.2,
        "interestExpense": 48.094,
        "interestIncomeExpense": -42.6,
        "minorityInterest": -7.9,
        "netIncome": 107.9,
        "netIncomeAfterTaxes": 116,
        "nonRecurringItems": 0,
        "period": "2019-09-30",
        "pretaxIncome": 120,
        "provisionforIncomeTaxes": 4.1,
        "revenue": 337.5,
        "sgaExpense": 22.5,
        "totalOperatingExpense": 78.6
      },
      {
        "costOfGoodsSold": 87.9,
        "depreciationAmortization": 54.4,
        "dilutedAverageSharesOutstanding": 135.7,
        "dilutedEPS": 0.77,
        "ebit": 158,
        "grossIncome": 235.8,
        "interestExpense": 48.633,
        "interestIncomeExpense": -43.8,
        "minorityInterest": -7.9,
        "netIncome": 104.7,
        "netIncomeAfterTaxes": 112.7,
        "nonRecurringItems": 1.2,
        "period": "2019-06-30",
        "pretaxIncome": 115.4,
        "provisionforIncomeTaxes": 2.7,
        "revenue": 323.6,
        "sgaExpense": 23.4,
        "totalOperatingExpense": 77.7
      },
      {
        "costOfGoodsSold": 85.7,
        "depreciationAmortization": 54.7,
        "dilutedAverageSharesOutstanding": 134.3,
        "dilutedEPS": 0.7,
        "ebit": 148.5,
        "grossIncome": 225.8,
        "interestExpense": 48.522,
        "interestIncomeExpense": -44.5,
        "minorityInterest": -7.4,
        "netIncome": 94.6,
        "netIncomeAfterTaxes": 102.2,
        "period": "2019-03-31",
        "pretaxIncome": 104,
        "provisionforIncomeTaxes": 1.8,
        "revenue": 311.5,
        "sgaExpense": 22.7,
        "totalOperatingExpense": 77.4
      },
      {
        "costOfGoodsSold": 79.1,
        "depreciationAmortization": 53.1,
        "dilutedAverageSharesOutstanding": 133.6,
        "dilutedEPS": 0.76,
        "ebit": 156.7,
        "gainLossOnDispositionOfAssets": 0,
        "grossIncome": 228.2,
        "interestExpense": 49.359,
        "interestIncomeExpense": -44.3,
        "minorityInterest": -7.8,
        "netIncome": 101.3,
        "netIncomeAfterTaxes": 109.3,
        "nonRecurringItems": 0,
        "period": "2018-12-31",
        "pretaxIncome": 112.4,
        "provisionforIncomeTaxes": 3.2,
        "revenue": 307.4,
        "sgaExpense": 18.4,
        "totalOperatingExpense": 71.6
      },
      {
        "costOfGoodsSold": 81.4,
        "depreciationAmortization": 52.3,
        "dilutedAverageSharesOutstanding": 134.2,
        "dilutedEPS": 0.97,
        "ebit": 153.6,
        "gainLossOnDispositionOfAssets": 30.8,
        "grossIncome": 225.6,
        "interestExpense": 47.066,
        "interestIncomeExpense": -42.1,
        "minorityInterest": -9.3,
        "netIncome": 130.2,
        "netIncomeAfterTaxes": 139.7,
        "period": "2018-09-30",
        "pretaxIncome": 142.3,
        "provisionforIncomeTaxes": 2.6,
        "revenue": 307,
        "sgaExpense": 19.7,
        "totalOperatingExpense": 72
      },
      {
        "costOfGoodsSold": 78.6,
        "depreciationAmortization": 51.9,
        "dilutedAverageSharesOutstanding": 136,
        "dilutedEPS": 0.69,
        "ebit": 144.7,
        "grossIncome": 218.3,
        "interestExpense": 44.523,
        "interestIncomeExpense": -39.9,
        "minorityInterest": -7.6,
        "netIncome": 95,
        "netIncomeAfterTaxes": 102.7,
        "period": "2018-06-30",
        "pretaxIncome": 104.8,
        "provisionforIncomeTaxes": 2.1,
        "revenue": 296.8,
        "sgaExpense": 21.7,
        "totalOperatingExpense": 73.5
      },
      {
        "costOfGoodsSold": 78.4,
        "depreciationAmortization": 51.7,
        "dilutedAverageSharesOutstanding": 132.7,
        "dilutedEPS": 0.66,
        "ebit": 133.9,
        "grossIncome": 207.1,
        "interestExpense": 42.175,
        "interestIncomeExpense": -37.1,
        "minorityInterest": -7.2,
        "netIncome": 88.1,
        "netIncomeAfterTaxes": 95.4,
        "period": "2018-03-31",
        "pretaxIncome": 96.8,
        "provisionforIncomeTaxes": 1.3,
        "revenue": 285.5,
        "sgaExpense": 21.5,
        "totalOperatingExpense": 73.2
      },
      {
        "costOfGoodsSold": 72.8,
        "depreciationAmortization": 49.2,
        "dilutedAverageSharesOutstanding": 137.6,
        "dilutedEPS": 1.56,
        "ebit": 141.1,
        "gainLossOnDispositionOfAssets": 118.8,
        "grossIncome": 209.1,
        "interestExpense": 41.595,
        "interestIncomeExpense": -36.1,
        "minorityInterest": -13.4,
        "netIncome": 215.6,
        "netIncomeAfterTaxes": 220.7,
        "nonRecurringItems": 0,
        "period": "2017-12-31",
        "pretaxIncome": 223.8,
        "provisionforIncomeTaxes": 3.1,
        "revenue": 281.8,
        "sgaExpense": 18.8,
        "totalOperatingExpense": 67.9
      },
      {
        "costOfGoodsSold": 76.7,
        "depreciationAmortization": 48.1,
        "dilutedAverageSharesOutstanding": 133,
        "dilutedEPS": 0.7,
        "ebit": 139.9,
        "gainLossOnDispositionOfAssets": 0,
        "grossIncome": 207.5,
        "interestExpense": 41.034,
        "interestIncomeExpense": -35.6,
        "minorityInterest": -7.3,
        "netIncome": 93.6,
        "netIncomeAfterTaxes": 101.1,
        "nonRecurringItems": 0,
        "period": "2017-09-30",
        "pretaxIncome": 104.2,
        "provisionforIncomeTaxes": 3.2,
        "revenue": 284.2,
        "sgaExpense": 19.5,
        "totalOperatingExpense": 67.6
      },
      {
        "costOfGoodsSold": 71.1,
        "depreciationAmortization": 46.6,
        "dilutedAverageSharesOutstanding": 132.8,
        "dilutedEPS": 0.65,
        "ebit": 136.4,
        "gainLossOnDispositionOfAssets": -6,
        "grossIncome": 204.9,
        "interestExpense": 38.746,
        "interestIncomeExpense": -33.4,
        "minorityInterest": -7.1,
        "netIncome": 86.8,
        "netIncomeAfterTaxes": 94.1,
        "nonRecurringItems": 0,
        "period": "2017-06-30",
        "pretaxIncome": 97,
        "provisionforIncomeTaxes": 2.9,
        "revenue": 276,
        "sgaExpense": 21.9,
        "totalOperatingExpense": 68.5
      },
      {
        "costOfGoodsSold": 70.6,
        "depreciationAmortization": 49.4,
        "dilutedAverageSharesOutstanding": 132.6,
        "dilutedEPS": 0.61,
        "ebit": 124.2,
        "gainLossOnDispositionOfAssets": 0,
        "grossIncome": 192.4,
        "interestExpense": 37.239,
        "interestIncomeExpense": -31.3,
        "minorityInterest": -7.5,
        "netIncome": 82.1,
        "netIncomeAfterTaxes": 89.7,
        "nonRecurringItems": 0,
        "period": "2017-03-31",
        "pretaxIncome": 92.9,
        "provisionforIncomeTaxes": 3.1,
        "revenue": 263,
        "sgaExpense": 18.8,
        "totalOperatingExpense": 68.2
      },
      {
        "costOfGoodsSold": 67.3,
        "depreciationAmortization": 49.2,
        "dilutedAverageSharesOutstanding": 124.6,
        "dilutedEPS": 0.66,
        "ebit": 126.2,
        "gainLossOnDispositionOfAssets": -1.3,
        "grossIncome": 193.7,
        "interestExpense": 37.088,
        "interestIncomeExpense": -26.6,
        "minorityInterest": -8,
        "netIncome": 82.2,
        "netIncomeAfterTaxes": 90.4,
        "nonRecurringItems": -3,
        "period": "2016-12-31",
        "pretaxIncome": 95.3,
        "provisionforIncomeTaxes": 4.8,
        "revenue": 261,
        "sgaExpense": 18.4,
        "totalOperatingExpense": 67.5
      },
      {
        "costOfGoodsSold": 66.4,
        "depreciationAmortization": 46.6,
        "dilutedAverageSharesOutstanding": 133.8,
        "dilutedEPS": 0.88,
        "ebit": 124.6,
        "gainLossOnDispositionOfAssets": 0,
        "grossIncome": 190.7,
        "interestExpense": 34.737,
        "interestIncomeExpense": 9,
        "minorityInterest": -9.1,
        "netIncome": 117.8,
        "netIncomeAfterTaxes": 127.2,
        "nonRecurringItems": -1.9,
        "period": "2016-09-30",
        "pretaxIncome": 131.7,
        "provisionforIncomeTaxes": 4.5,
        "revenue": 257.2,
        "sgaExpense": 19.5,
        "totalOperatingExpense": 66.2
      },
      {
        "costOfGoodsSold": 66.4,
        "depreciationAmortization": 44,
        "dilutedAverageSharesOutstanding": 142.9,
        "dilutedEPS": 0.57,
        "ebit": 113.4,
        "gainLossOnDispositionOfAssets": 11.4,
        "grossIncome": 177.9,
        "interestExpense": 34.042,
        "interestIncomeExpense": -27.8,
        "minorityInterest": -7,
        "netIncome": 82.8,
        "netIncomeAfterTaxes": 90,
        "nonRecurringItems": -3.1,
        "period": "2016-06-30",
        "pretaxIncome": 93.8,
        "provisionforIncomeTaxes": 3.8,
        "revenue": 244.3,
        "sgaExpense": 20.5,
        "totalOperatingExpense": 64.5
      },
      {
        "costOfGoodsSold": 65.4,
        "depreciationAmortization": 42.9,
        "dilutedAverageSharesOutstanding": 124.8,
        "dilutedEPS": 0.66,
        "ebit": 97.7,
        "gainLossOnDispositionOfAssets": -1.5,
        "grossIncome": 164,
        "interestExpense": 32.592,
        "interestIncomeExpense": 0.1,
        "minorityInterest": -6.8,
        "netIncome": 82.4,
        "netIncomeAfterTaxes": 89.4,
        "nonRecurringItems": -4.1,
        "period": "2016-03-31",
        "pretaxIncome": 92.2,
        "provisionforIncomeTaxes": 2.8,
        "revenue": 229.4,
        "sgaExpense": 23.4,
        "totalOperatingExpense": 66.3
      },
      {
        "costOfGoodsSold": 62.8,
        "depreciationAmortization": 40.8,
        "dilutedAverageSharesOutstanding": 131.5,
        "dilutedEPS": 0.07,
        "ebit": 104,
        "gainLossOnDispositionOfAssets": 0,
        "grossIncome": 162.9,
        "interestExpense": 31.741,
        "interestIncomeExpense": -25.4,
        "minorityInterest": -3.1,
        "netIncome": 8.5,
        "netIncomeAfterTaxes": 11.7,
        "nonRecurringItems": -63.7,
        "period": "2015-12-31",
        "pretaxIncome": 14.9,
        "provisionforIncomeTaxes": 3.2,
        "revenue": 225.8,
        "sgaExpense": 18.1,
        "totalOperatingExpense": 59
      },
      {
        "costOfGoodsSold": 52.5,
        "depreciationAmortization": 30.7,
        "dilutedAverageSharesOutstanding": 130.4,
        "dilutedEPS": 0.54,
        "ebit": 97.6,
        "gainLossOnDispositionOfAssets": 1.1,
        "grossIncome": 145,
        "interestExpense": 21.616,
        "interestIncomeExpense": -16.6,
        "minorityInterest": -6.5,
        "netIncome": 71.5,
        "netIncomeAfterTaxes": 78.2,
        "nonRecurringItems": -0.3,
        "period": "2015-09-30",
        "pretaxIncome": 81.8,
        "provisionforIncomeTaxes": 3.6,
        "revenue": 197.5,
        "sgaExpense": 16.7,
        "totalOperatingExpense": 47.4
      }
    ],
    "symbol": "EXR"
  }
}