{
  "symbol": "BLDR",
  "statement": "ic",
  "frequency": "annual",
  "timestamp": "2025-09-19T13:57:09.430655",
  "data": {
    "financials": [
      {
        "costOfGoodsSold": 11017.448,
        "dilutedAverageSharesOutstanding": 118.98,
        "dilutedEPS": 9.0595,
        "ebit": 1595.249,
        "grossIncome": 5383.044,
        "interestExpense": 207.724,
        "interestIncomeExpense": -207.724,
        "netIncome": 1077.898,
        "netIncomeAfterTaxes": 1077.898,
        "period": "2024-12-31",
        "pretaxIncome": 1387.525,
        "provisionforIncomeTaxes": 309.627,
        "revenue": 16400.492,
        "sgaExpense": 3787.795,
        "totalOperatingExpense": 3787.795,
        "year": 2024
      },
      {
        "costOfGoodsSold": 11084.996,
        "dilutedAverageSharesOutstanding": 128.998,
        "dilutedEPS": 11.9425,
        "ebit": 2176.319,
        "grossIncome": 6012.334,
        "interestExpense": 192.115,
        "interestIncomeExpense": -192.115,
        "netIncome": 1540.555,
        "netIncomeAfterTaxes": 1540.555,
        "period": "2023-12-31",
        "pretaxIncome": 1984.204,
        "provisionforIncomeTaxes": 443.649,
        "revenue": 17097.33,
        "sgaExpense": 3836.015,
        "totalOperatingExpense": 3836.015,
        "year": 2023
      },
      {
        "costOfGoodsSold": 14982,
        "dilutedAverageSharesOutstanding": 163,
        "dilutedEPS": 16.86,
        "ebit": 3770,
        "grossIncome": 7744,
        "interestExpense": 198.373,
        "interestIncomeExpense": -198,
        "netIncome": 2749,
        "netIncomeAfterTaxes": 2749,
        "period": "2022-12-31",
        "pretaxIncome": 3572,
        "provisionforIncomeTaxes": 822,
        "revenue": 22726,
        "sgaExpense": 3974,
        "totalOperatingExpense": 3974,
        "year": 2022
      },
      {
        "costOfGoodsSold": 14043,
        "dilutedAverageSharesOutstanding": 203,
        "dilutedEPS": 8.48,
        "ebit": 2405,
        "grossIncome": 5851,
        "interestExpense": 135.877,
        "interestIncomeExpense": -136,
        "netIncome": 1725,
        "netIncomeAfterTaxes": 1725,
        "nonRecurringItems": -18,
        "period": "2021-12-31",
        "pretaxIncome": 2252,
        "provisionforIncomeTaxes": 526,
        "revenue": 19894,
        "sgaExpense": 3446,
        "totalOperatingExpense": 3445,
        "year": 2021
      },
      {
        "costOfGoodsSold": 6336,
        "dilutedAverageSharesOutstanding": 118,
        "dilutedEPS": 2.66,
        "ebit": 544,
        "grossIncome": 2223,
        "interestExpense": 135.688,
        "interestIncomeExpense": -136,
        "netIncome": 314,
        "netIncomeAfterTaxes": 314,
        "period": "2020-12-31",
        "pretaxIncome": 408,
        "provisionforIncomeTaxes": 95,
        "revenue": 8559,
        "sgaExpense": 1679,
        "totalOperatingExpense": 1679,
        "year": 2020
      },
      {
        "costOfGoodsSold": 5304,
        "dilutedAverageSharesOutstanding": 117,
        "dilutedEPS": 1.9,
        "ebit": 392,
        "grossIncome": 1977,
        "interestExpense": 109.551,
        "interestIncomeExpense": -110,
        "netIncome": 222,
        "netIncomeAfterTaxes": 222,
        "period": "2019-12-31",
        "pretaxIncome": 283,
        "provisionforIncomeTaxes": 61,
        "revenue": 7280,
        "sgaExpense": 1585,
        "totalOperatingExpense": 1584,
        "year": 2019
      },
      {
        "costOfGoodsSold": 5802,
        "dilutedAverageSharesOutstanding": 117,
        "dilutedEPS": 1.76,
        "ebit": 369,
        "grossIncome": 1923,
        "interestExpense": 108.213,
        "interestIncomeExpense": -108,
        "netIncome": 205,
        "netIncomeAfterTaxes": 205,
        "period": "2018-12-31",
        "pretaxIncome": 261,
        "provisionforIncomeTaxes": 56,
        "revenue": 7725,
        "sgaExpense": 1554,
        "totalOperatingExpense": 1554,
        "year": 2018
      },
      {
        "costOfGoodsSold": 5307,
        "dilutedAverageSharesOutstanding": 116,
        "dilutedEPS": 0.33,
        "ebit": 285,
        "grossIncome": 1727,
        "interestExpense": 193.174,
        "interestIncomeExpense": -193,
        "netIncome": 39,
        "netIncomeAfterTaxes": 68,
        "period": "2017-12-31",
        "pretaxIncome": 92,
        "provisionforIncomeTaxes": 24,
        "revenue": 7034,
        "sgaExpense": 1442,
        "totalOperatingExpense": 1442,
        "year": 2017
      },
      {
        "costOfGoodsSold": 4771,
        "dilutedAverageSharesOutstanding": 114,
        "dilutedEPS": 1.27,
        "ebit": 236,
        "grossIncome": 1597,
        "interestExpense": 214.667,
        "interestIncomeExpense": -215,
        "netIncome": 144,
        "netIncomeAfterTaxes": 144,
        "period": "2016-12-31",
        "pretaxIncome": 22,
        "provisionforIncomeTaxes": -123,
        "revenue": 6367,
        "sgaExpense": 1360,
        "totalOperatingExpense": 1360,
        "year": 2016
      },
      {
        "costOfGoodsSold": 2663,
        "dilutedAverageSharesOutstanding": 103,
        "dilutedEPS": -0.22,
        "ebit": 91,
        "grossIncome": 901,
        "interestExpense": 113.762,
        "interestIncomeExpense": -109,
        "netIncome": -23,
        "netIncomeAfterTaxes": -23,
        "period": "2015-12-31",
        "pretaxIncome": -18,
        "provisionforIncomeTaxes": 4,
        "revenue": 3564,
        "sgaExpense": 811,
        "totalOperatingExpense": 811,
        "year": 2015
      }
    ],
    "symbol": "BLDR"
  }
}