{
  "symbol": "MOH",
  "statement": "ic",
  "frequency": "quarterly",
  "timestamp": "2025-09-19T14:04:10.710003",
  "data": {
    "financials": [
      {
        "costOfGoodsSold": 9829,
        "depreciationAmortization": 58,
        "dilutedAverageSharesOutstanding": 53.7,
        "dilutedEPS": 4.7486,
        "ebit": 374,
        "grossIncome": 1598,
        "interestExpense": 48,
        "interestIncomeExpense": -48,
        "netIncome": 255,
        "netIncomeAfterTaxes": 255,
        "nonRecurringItems": -1,
        "otherOperatingExpensesTotal": 25,
        "period": "2025-06-30",
        "pretaxIncome": 325,
        "provisionforIncomeTaxes": 70,
        "revenue": 11427,
        "sgaExpense": 1141,
        "totalOperatingExpense": 1224
      },
      {
        "costOfGoodsSold": 9479,
        "depreciationAmortization": 48,
        "dilutedAverageSharesOutstanding": 54.8,
        "dilutedEPS": 5.438,
        "ebit": 435,
        "grossIncome": 1668,
        "interestExpense": 43,
        "interestIncomeExpense": -43,
        "netIncome": 298,
        "netIncomeAfterTaxes": 298,
        "nonRecurringItems": -2,
        "otherOperatingExpensesTotal": 25,
        "period": "2025-03-31",
        "pretaxIncome": 390,
        "provisionforIncomeTaxes": 92,
        "revenue": 11147,
        "sgaExpense": 1160,
        "totalOperatingExpense": 1233
      },
      {
        "costOfGoodsSold": 9003,
        "depreciationAmortization": 48,
        "dilutedAverageSharesOutstanding": 56.5,
        "dilutedEPS": 4.4425,
        "ebit": 378,
        "grossIncome": 1496,
        "interestExpense": 34,
        "interestIncomeExpense": -34,
        "netIncome": 251,
        "netIncomeAfterTaxes": 251,
        "nonRecurringItems": 2,
        "otherOperatingExpensesTotal": 20,
        "period": "2024-12-31",
        "pretaxIncome": 346,
        "provisionforIncomeTaxes": 95,
        "revenue": 10499,
        "sgaExpense": 1050,
        "totalOperatingExpense": 1118
      },
      {
        "costOfGoodsSold": 8643,
        "depreciationAmortization": 47,
        "dilutedAverageSharesOutstanding": 57.7,
        "dilutedEPS": 5.6499,
        "ebit": 467,
        "grossIncome": 1697,
        "interestExpense": 29,
        "interestIncomeExpense": -29,
        "netIncome": 326,
        "netIncomeAfterTaxes": 326,
        "nonRecurringItems": 0,
        "otherOperatingExpensesTotal": -1,
        "period": "2024-09-30",
        "pretaxIncome": 438,
        "provisionforIncomeTaxes": 112,
        "revenue": 10340,
        "sgaExpense": 1184,
        "totalOperatingExpense": 1230
      },
      {
        "costOfGoodsSold": 8368,
        "depreciationAmortization": 46,
        "dilutedAverageSharesOutstanding": 58.2,
        "dilutedEPS": 5.1718,
        "ebit": 436,
        "grossIncome": 1512,
        "interestExpense": 28,
        "interestIncomeExpense": -28,
        "netIncome": 301,
        "netIncomeAfterTaxes": 301,
        "nonRecurringItems": -2,
        "otherOperatingExpensesTotal": 43,
        "period": "2024-06-30",
        "pretaxIncome": 406,
        "provisionforIncomeTaxes": 105,
        "revenue": 9880,
        "sgaExpense": 987,
        "totalOperatingExpense": 1076
      },
      {
        "costOfGoodsSold": 8414,
        "depreciationAmortization": 45,
        "dilutedAverageSharesOutstanding": 58.3,
        "dilutedEPS": 5.163,
        "ebit": 427,
        "grossIncome": 1517,
        "interestExpense": 27,
        "interestIncomeExpense": -27,
        "netIncome": 301,
        "netIncomeAfterTaxes": 301,
        "nonRecurringItems": -1,
        "otherOperatingExpensesTotal": 38,
        "period": "2024-03-31",
        "pretaxIncome": 399,
        "provisionforIncomeTaxes": 98,
        "revenue": 9931,
        "sgaExpense": 1007,
        "totalOperatingExpense": 1090
      },
      {
        "costOfGoodsSold": 7454,
        "depreciationAmortization": 43,
        "dilutedAverageSharesOutstanding": 58.1,
        "dilutedEPS": 3.7177,
        "ebit": 316,
        "grossIncome": 1594,
        "interestExpense": 27,
        "interestIncomeExpense": -27,
        "netIncome": 216,
        "netIncomeAfterTaxes": 216,
        "nonRecurringItems": 0,
        "otherOperatingExpensesTotal": 38,
        "period": "2023-12-31",
        "pretaxIncome": 289,
        "provisionforIncomeTaxes": 73,
        "revenue": 9048,
        "sgaExpense": 1197,
        "totalOperatingExpense": 1278,
        "totalOtherIncomeExpenseNet": 0
      },
      {
        "costOfGoodsSold": 7306,
        "depreciationAmortization": 42,
        "dilutedAverageSharesOutstanding": 58.1,
        "dilutedEPS": 4.22,
        "ebit": 416,
        "grossIncome": 1242,
        "interestExpense": 27,
        "interestIncomeExpense": -27,
        "netIncome": 245,
        "netIncomeAfterTaxes": 245,
        "nonRecurringItems": -57,
        "period": "2023-09-30",
        "pretaxIncome": 332,
        "provisionforIncomeTaxes": 87,
        "revenue": 8548,
        "sgaExpense": 784,
        "totalOperatingExpense": 826
      },
      {
        "costOfGoodsSold": 7038,
        "depreciationAmortization": 42,
        "dilutedAverageSharesOutstanding": 57.9,
        "dilutedEPS": 5.34,
        "ebit": 460,
        "grossIncome": 1289,
        "interestExpense": 27,
        "interestIncomeExpense": -27,
        "netIncome": 309,
        "netIncomeAfterTaxes": 309,
        "nonRecurringItems": -17,
        "period": "2023-06-30",
        "pretaxIncome": 416,
        "provisionforIncomeTaxes": 107,
        "revenue": 8327,
        "sgaExpense": 787,
        "totalOperatingExpense": 829
      },
      {
        "costOfGoodsSold": 6871,
        "depreciationAmortization": 44,
        "dilutedAverageSharesOutstanding": 58,
        "dilutedEPS": 5.53,
        "ebit": 471,
        "grossIncome": 1278,
        "interestExpense": 28,
        "interestIncomeExpense": -28,
        "netIncome": 321,
        "netIncomeAfterTaxes": 321,
        "nonRecurringItems": -16,
        "period": "2023-03-31",
        "pretaxIncome": 427,
        "provisionforIncomeTaxes": 106,
        "revenue": 8149,
        "sgaExpense": 763,
        "totalOperatingExpense": 807
      },
      {
        "costOfGoodsSold": 6992,
        "depreciationAmortization": 47,
        "dilutedAverageSharesOutstanding": 58.5,
        "dilutedEPS": 0.96,
        "ebit": 328,
        "grossIncome": 1231,
        "interestExpense": 27,
        "interestIncomeExpense": -27,
        "netIncome": 56,
        "netIncomeAfterTaxes": 56,
        "nonRecurringItems": -223,
        "period": "2022-12-31",
        "pretaxIncome": 78,
        "provisionforIncomeTaxes": 22,
        "revenue": 8223,
        "sgaExpense": 856,
        "totalOperatingExpense": 903
      },
      {
        "costOfGoodsSold": 6748,
        "depreciationAmortization": 45,
        "dilutedAverageSharesOutstanding": 58.3,
        "dilutedEPS": 3.95,
        "ebit": 351,
        "grossIncome": 1179,
        "interestExpense": 28,
        "interestIncomeExpense": -28,
        "netIncome": 230,
        "netIncomeAfterTaxes": 230,
        "nonRecurringItems": -16,
        "period": "2022-09-30",
        "pretaxIncome": 307,
        "provisionforIncomeTaxes": 77,
        "revenue": 7927,
        "sgaExpense": 783,
        "totalOperatingExpense": 828
      },
      {
        "costOfGoodsSold": 6872,
        "depreciationAmortization": 44,
        "dilutedAverageSharesOutstanding": 58.4,
        "dilutedEPS": 4.25,
        "ebit": 372,
        "grossIncome": 1182,
        "interestExpense": 27,
        "interestIncomeExpense": -27,
        "netIncome": 248,
        "netIncomeAfterTaxes": 248,
        "nonRecurringItems": -11,
        "period": "2022-06-30",
        "pretaxIncome": 334,
        "provisionforIncomeTaxes": 86,
        "revenue": 8054,
        "sgaExpense": 766,
        "totalOperatingExpense": 810
      },
      {
        "costOfGoodsSold": 6563,
        "depreciationAmortization": 40,
        "dilutedAverageSharesOutstanding": 58.7,
        "dilutedEPS": 4.4,
        "ebit": 388,
        "grossIncome": 1207,
        "interestExpense": 28,
        "interestIncomeExpense": -28,
        "netIncome": 258,
        "netIncomeAfterTaxes": 258,
        "nonRecurringItems": -16,
        "period": "2022-03-31",
        "pretaxIncome": 344,
        "provisionforIncomeTaxes": 86,
        "revenue": 7770,
        "sgaExpense": 779,
        "totalOperatingExpense": 819
      },
      {
        "costOfGoodsSold": 6362,
        "depreciationAmortization": 35,
        "dilutedAverageSharesOutstanding": 58.9,
        "dilutedEPS": 1.75,
        "ebit": 222,
        "grossIncome": 1047,
        "interestExpense": 30,
        "interestIncomeExpense": -30,
        "netIncome": 103,
        "netIncomeAfterTaxes": 103,
        "nonRecurringItems": -31,
        "period": "2021-12-31",
        "pretaxIncome": 136,
        "provisionforIncomeTaxes": 33,
        "revenue": 7409,
        "sgaExpense": 790,
        "totalOperatingExpense": 825,
        "totalOtherIncomeExpenseNet": -25
      },
      {
        "costOfGoodsSold": 6049,
        "depreciationAmortization": 32,
        "dilutedAverageSharesOutstanding": 58.5,
        "dilutedEPS": 2.44,
        "ebit": 223,
        "grossIncome": 991,
        "interestExpense": 30,
        "interestIncomeExpense": -30,
        "netIncome": 143,
        "netIncomeAfterTaxes": 143,
        "nonRecurringItems": -2,
        "period": "2021-09-30",
        "pretaxIncome": 191,
        "provisionforIncomeTaxes": 48,
        "revenue": 7040,
        "sgaExpense": 736,
        "totalOperatingExpense": 768,
        "totalOtherIncomeExpenseNet": 0
      },
      {
        "costOfGoodsSold": 5819,
        "depreciationAmortization": 31,
        "dilutedAverageSharesOutstanding": 58.4,
        "dilutedEPS": 3.17,
        "ebit": 281,
        "grossIncome": 981,
        "interestExpense": 30,
        "interestIncomeExpense": -30,
        "netIncome": 185,
        "netIncomeAfterTaxes": 185,
        "nonRecurringItems": -8,
        "period": "2021-06-30",
        "pretaxIncome": 243,
        "provisionforIncomeTaxes": 58,
        "revenue": 6800,
        "sgaExpense": 669,
        "totalOperatingExpense": 700,
        "totalOtherIncomeExpenseNet": 0
      },
      {
        "costOfGoodsSold": 5474,
        "depreciationAmortization": 33,
        "dilutedAverageSharesOutstanding": 58.6,
        "dilutedEPS": 3.89,
        "ebit": 355,
        "grossIncome": 1048,
        "interestExpense": 30,
        "interestIncomeExpense": -30,
        "netIncome": 228,
        "netIncomeAfterTaxes": 228,
        "nonRecurringItems": -20,
        "period": "2021-03-31",
        "pretaxIncome": 305,
        "provisionforIncomeTaxes": 77,
        "revenue": 6522,
        "sgaExpense": 660,
        "totalOperatingExpense": 693
      },
      {
        "costOfGoodsSold": 4408,
        "depreciationAmortization": 24,
        "dilutedAverageSharesOutstanding": 60,
        "dilutedEPS": 0.57,
        "ebit": 113,
        "grossIncome": 827,
        "interestExpense": 30,
        "interestIncomeExpense": -30,
        "netIncome": 34,
        "netIncomeAfterTaxes": 34,
        "nonRecurringItems": -32,
        "period": "2020-12-31",
        "pretaxIncome": 51,
        "provisionforIncomeTaxes": 17,
        "revenue": 5235,
        "sgaExpense": 690,
        "totalOperatingExpense": 714
      },
      {
        "costOfGoodsSold": 4098,
        "depreciationAmortization": 23,
        "dilutedAverageSharesOutstanding": 59.6,
        "dilutedEPS": 3.1,
        "ebit": 292,
        "grossIncome": 923,
        "interestExpense": 27,
        "interestIncomeExpense": -27,
        "netIncome": 185,
        "netIncomeAfterTaxes": 185,
        "nonRecurringItems": -3,
        "period": "2020-09-30",
        "pretaxIncome": 262,
        "provisionforIncomeTaxes": 77,
        "revenue": 5021,
        "sgaExpense": 608,
        "totalOperatingExpense": 631,
        "totalOtherIncomeExpenseNet": 0
      },
      {
        "costOfGoodsSold": 3598,
        "depreciationAmortization": 21,
        "dilutedAverageSharesOutstanding": 59.4,
        "dilutedEPS": 4.65,
        "ebit": 426,
        "grossIncome": 1020,
        "interestExpense": 24,
        "interestIncomeExpense": -24,
        "netIncome": 276,
        "netIncomeAfterTaxes": 276,
        "nonRecurringItems": -7,
        "period": "2020-06-30",
        "pretaxIncome": 395,
        "provisionforIncomeTaxes": 119,
        "revenue": 4618,
        "sgaExpense": 573,
        "totalOperatingExpense": 594
      },
      {
        "costOfGoodsSold": 3716,
        "depreciationAmortization": 20,
        "dilutedAverageSharesOutstanding": 61,
        "dilutedEPS": 2.92,
        "ebit": 278,
        "grossIncome": 833,
        "interestExpense": 21,
        "interestIncomeExpense": -21,
        "netIncome": 178,
        "netIncomeAfterTaxes": 178,
        "nonRecurringItems": -4,
        "period": "2020-03-31",
        "pretaxIncome": 253,
        "provisionforIncomeTaxes": 75,
        "revenue": 4549,
        "sgaExpense": 535,
        "totalOperatingExpense": 555,
        "totalOtherIncomeExpenseNet": 0
      },
      {
        "costOfGoodsSold": 3545,
        "depreciationAmortization": 21,
        "dilutedAverageSharesOutstanding": 62.2,
        "dilutedEPS": 2.7,
        "ebit": 243,
        "grossIncome": 729,
        "interestExpense": 20,
        "interestIncomeExpense": -20,
        "netIncome": 168,
        "netIncomeAfterTaxes": 168,
        "nonRecurringItems": -1,
        "period": "2019-12-31",
        "pretaxIncome": 222,
        "provisionforIncomeTaxes": 54,
        "revenue": 4274,
        "sgaExpense": 465,
        "totalOperatingExpense": 486
      },
      {
        "costOfGoodsSold": 3523,
        "depreciationAmortization": 21,
        "dilutedAverageSharesOutstanding": 63.6,
        "dilutedEPS": 2.75,
        "ebit": 257,
        "grossIncome": 720,
        "interestExpense": 22,
        "interestIncomeExpense": -22,
        "netIncome": 175,
        "netIncomeAfterTaxes": 175,
        "nonRecurringItems": -2,
        "period": "2019-09-30",
        "pretaxIncome": 233,
        "provisionforIncomeTaxes": 58,
        "revenue": 4243,
        "sgaExpense": 442,
        "totalOperatingExpense": 463
      },
      {
        "costOfGoodsSold": 3466,
        "depreciationAmortization": 22,
        "dilutedAverageSharesOutstanding": 64,
        "dilutedEPS": 3.06,
        "ebit": 267,
        "grossIncome": 727,
        "interestExpense": 22,
        "interestIncomeExpense": -22,
        "netIncome": 196,
        "netIncomeAfterTaxes": 196,
        "nonRecurringItems": 12,
        "period": "2019-06-30",
        "pretaxIncome": 257,
        "provisionforIncomeTaxes": 61,
        "revenue": 4193,
        "sgaExpense": 438,
        "totalOperatingExpense": 460
      },
      {
        "costOfGoodsSold": 3371,
        "depreciationAmortization": 25,
        "dilutedAverageSharesOutstanding": 66.2,
        "dilutedEPS": 2.99,
        "ebit": 283,
        "grossIncome": 748,
        "interestExpense": 23,
        "interestIncomeExpense": -23,
        "netIncome": 198,
        "netIncomeAfterTaxes": 198,
        "nonRecurringItems": 0,
        "period": "2019-03-31",
        "pretaxIncome": 260,
        "provisionforIncomeTaxes": 62,
        "revenue": 4119,
        "sgaExpense": 440,
        "totalOperatingExpense": 465
      },
      {
        "costOfGoodsSold": 3790,
        "depreciationAmortization": 23,
        "dilutedAverageSharesOutstanding": 68.2,
        "dilutedEPS": 2.95,
        "ebit": 332,
        "grossIncome": 874,
        "interestExpense": 24,
        "interestIncomeExpense": -24,
        "netIncome": 201,
        "netIncomeAfterTaxes": 201,
        "nonRecurringItems": -57,
        "period": "2018-12-31",
        "pretaxIncome": 256,
        "provisionforIncomeTaxes": 55,
        "revenue": 4664,
        "sgaExpense": 519,
        "totalOperatingExpense": 542,
        "totalOtherIncomeExpenseNet": 5
      },
      {
        "costOfGoodsSold": 3901,
        "depreciationAmortization": 25,
        "dilutedAverageSharesOutstanding": 67.9,
        "dilutedEPS": 2.9,
        "ebit": 263,
        "grossIncome": 796,
        "interestExpense": 26,
        "interestIncomeExpense": -26,
        "netIncome": 197,
        "netIncomeAfterTaxes": 197,
        "nonRecurringItems": 22,
        "period": "2018-09-30",
        "pretaxIncome": 259,
        "provisionforIncomeTaxes": 62,
        "revenue": 4697,
        "sgaExpense": 508,
        "totalOperatingExpense": 533
      },
      {
        "costOfGoodsSold": 3968,
        "depreciationAmortization": 25,
        "dilutedAverageSharesOutstanding": 67,
        "dilutedEPS": 3.01,
        "ebit": 350,
        "grossIncome": 915,
        "interestExpense": 32,
        "interestIncomeExpense": -32,
        "netIncome": 202,
        "netIncomeAfterTaxes": 202,
        "nonRecurringItems": -13,
        "period": "2018-06-30",
        "pretaxIncome": 305,
        "provisionforIncomeTaxes": 103,
        "revenue": 4883,
        "sgaExpense": 540,
        "totalOperatingExpense": 565
      },
      {
        "costOfGoodsSold": 3842,
        "depreciationAmortization": 26,
        "dilutedAverageSharesOutstanding": 65,
        "dilutedEPS": 1.65,
        "ebit": 247,
        "grossIncome": 804,
        "interestExpense": 33,
        "interestIncomeExpense": -33,
        "netIncome": 107,
        "netIncomeAfterTaxes": 107,
        "nonRecurringItems": -25,
        "period": "2018-03-31",
        "pretaxIncome": 179,
        "provisionforIncomeTaxes": 72,
        "revenue": 4646,
        "sgaExpense": 531,
        "totalOperatingExpense": 557,
        "totalOtherIncomeExpenseNet": -10
      },
      {
        "costOfGoodsSold": 4374,
        "depreciationAmortization": 28,
        "dilutedAverageSharesOutstanding": 56,
        "dilutedEPS": -4.67,
        "ebit": 73,
        "grossIncome": 575,
        "interestExpense": 33,
        "interestIncomeExpense": -33,
        "netIncome": -262,
        "netIncomeAfterTaxes": -208,
        "nonRecurringItems": -342,
        "period": "2017-12-31",
        "pretaxIncome": -316,
        "provisionforIncomeTaxes": -108,
        "revenue": 4949,
        "sgaExpense": 474,
        "totalOperatingExpense": 502,
        "totalOtherIncomeExpenseNet": -14
      },
      {
        "costOfGoodsSold": 4343,
        "depreciationAmortization": 33,
        "dilutedAverageSharesOutstanding": 57,
        "dilutedEPS": -1.7,
        "ebit": 166,
        "grossIncome": 688,
        "interestExpense": 32,
        "interestIncomeExpense": -32,
        "netIncome": -97,
        "netIncomeAfterTaxes": -97,
        "nonRecurringItems": -247,
        "period": "2017-09-30",
        "pretaxIncome": -113,
        "provisionforIncomeTaxes": -16,
        "revenue": 5031,
        "sgaExpense": 489,
        "totalOperatingExpense": 522,
        "totalOtherIncomeExpenseNet": 0
      },
      {
        "costOfGoodsSold": 4615,
        "depreciationAmortization": 37,
        "dilutedAverageSharesOutstanding": 56,
        "dilutedEPS": -4.11,
        "ebit": -172,
        "grossIncome": 384,
        "interestExpense": 27,
        "interestIncomeExpense": -27,
        "netIncome": -230,
        "netIncomeAfterTaxes": -230,
        "nonRecurringItems": -115,
        "period": "2017-06-30",
        "pretaxIncome": -314,
        "provisionforIncomeTaxes": -84,
        "revenue": 4999,
        "sgaExpense": 519,
        "totalOperatingExpense": 556,
        "totalOtherIncomeExpenseNet": 0
      },
      {
        "costOfGoodsSold": 4233,
        "depreciationAmortization": 39,
        "dilutedAverageSharesOutstanding": 56,
        "dilutedEPS": 1.38,
        "ebit": 82,
        "grossIncome": 671,
        "interestExpense": 26,
        "interestIncomeExpense": -26,
        "netIncome": 77,
        "netIncomeAfterTaxes": 77,
        "period": "2017-03-31",
        "pretaxIncome": 131,
        "provisionforIncomeTaxes": 54,
        "revenue": 4904,
        "sgaExpense": 550,
        "totalOperatingExpense": 589,
        "totalOtherIncomeExpenseNet": 75
      },
      {
        "costOfGoodsSold": 3967,
        "depreciationAmortization": 37,
        "dilutedAverageSharesOutstanding": 56,
        "dilutedEPS": -0.84,
        "ebit": -6,
        "grossIncome": 567,
        "interestExpense": 25,
        "interestIncomeExpense": -25,
        "netIncome": -47,
        "netIncomeAfterTaxes": -47,
        "period": "2016-12-31",
        "pretaxIncome": -31,
        "provisionforIncomeTaxes": 16,
        "revenue": 4534,
        "sgaExpense": 536,
        "totalOperatingExpense": 573
      },
      {
        "costOfGoodsSold": 3867,
        "depreciationAmortization": 36,
        "dilutedAverageSharesOutstanding": 56,
        "dilutedEPS": 0.75,
        "ebit": 118,
        "grossIncome": 679,
        "interestExpense": 26,
        "interestIncomeExpense": -26,
        "netIncome": 42,
        "netIncomeAfterTaxes": 42,
        "period": "2016-09-30",
        "pretaxIncome": 92,
        "provisionforIncomeTaxes": 50,
        "revenue": 4546,
        "sgaExpense": 525,
        "totalOperatingExpense": 561
      },
      {
        "costOfGoodsSold": 3710,
        "depreciationAmortization": 34,
        "dilutedAverageSharesOutstanding": 55,
        "dilutedEPS": 0.6,
        "ebit": 105,
        "grossIncome": 649,
        "interestExpense": 25,
        "interestIncomeExpense": -25,
        "netIncome": 33,
        "netIncomeAfterTaxes": 33,
        "period": "2016-06-30",
        "pretaxIncome": 80,
        "provisionforIncomeTaxes": 47,
        "revenue": 4359,
        "sgaExpense": 510,
        "totalOperatingExpense": 544
      },
      {
        "costOfGoodsSold": 3715,
        "depreciationAmortization": 32,
        "dilutedAverageSharesOutstanding": 57,
        "dilutedEPS": 0.42,
        "ebit": 89,
        "grossIncome": 628,
        "interestExpense": 25,
        "interestIncomeExpense": -25,
        "netIncome": 24,
        "netIncomeAfterTaxes": 24,
        "period": "2016-03-31",
        "pretaxIncome": 64,
        "provisionforIncomeTaxes": 40,
        "revenue": 4343,
        "sgaExpense": 507,
        "totalOperatingExpense": 539
      },
      {
        "costOfGoodsSold": 3303,
        "depreciationAmortization": 28,
        "dilutedAverageSharesOutstanding": 59.9,
        "dilutedEPS": 0.49,
        "ebit": 76.3,
        "grossIncome": 567.6,
        "interestExpense": 20.909,
        "interestIncomeExpense": -20.9,
        "netIncome": 29.6,
        "netIncomeAfterTaxes": 29.6,
        "period": "2015-12-31",
        "pretaxIncome": 56.3,
        "provisionforIncomeTaxes": 26.7,
        "revenue": 3870.6,
        "sgaExpense": 463.3,
        "totalOperatingExpense": 491.3,
        "totalOtherIncomeExpenseNet": 0.9
      },
      {
        "costOfGoodsSold": 3049.9,
        "depreciationAmortization": 25.8,
        "dilutedAverageSharesOutstanding": 60,
        "dilutedEPS": 0.77,
        "ebit": 112.9,
        "grossIncome": 561.4,
        "interestExpense": 15.269,
        "interestIncomeExpense": -15.3,
        "netIncome": 46.3,
        "netIncomeAfterTaxes": 46.3,
        "period": "2015-09-30",
        "pretaxIncome": 97.6,
        "provisionforIncomeTaxes": 51.3,
        "revenue": 3611.4,
        "sgaExpense": 422.7,
        "totalOperatingExpense": 448.6,
        "totalOtherIncomeExpenseNet": 0
      }
    ],
    "symbol": "MOH"
  }
}