{
  "symbol": "OXY",
  "statement": "ic",
  "frequency": "annual",
  "timestamp": "2025-09-19T14:04:59.844035",
  "data": {
    "financials": [
      {
        "costOfGoodsSold": 9804,
        "depreciationAmortization": 7371,
        "dilutedAverageSharesOutstanding": 967.1,
        "dilutedEPS": 2.44,
        "ebit": 5593,
        "grossIncome": 16921,
        "interestExpense": 1175,
        "interestIncomeExpense": -158,
        "minorityInterest": -22,
        "netIncome": 2364,
        "netIncomeAfterTaxes": 2896,
        "nonRecurringItems": -1365,
        "otherOperatingExpensesTotal": 1581,
        "period": "2024-12-31",
        "pretaxIncome": 4070,
        "provisionforIncomeTaxes": 1174,
        "researchDevelopment": 275,
        "revenue": 26725,
        "sgaExpense": 2101,
        "totalOperatingExpense": 11328,
        "year": 2024
      },
      {
        "costOfGoodsSold": 11283,
        "depreciationAmortization": 6865,
        "dilutedAverageSharesOutstanding": 960.9,
        "dilutedEPS": 3.93,
        "ebit": 6414,
        "grossIncome": 16974,
        "interestExpense": 945,
        "interestIncomeExpense": 250,
        "netIncome": 3773,
        "netIncomeAfterTaxes": 4696,
        "nonRecurringItems": -235,
        "otherOperatingExpensesTotal": 1084,
        "period": "2023-12-31",
        "pretaxIncome": 6429,
        "provisionforIncomeTaxes": 1733,
        "researchDevelopment": 441,
        "revenue": 28257,
        "sgaExpense": 2170,
        "totalOperatingExpense": 10560,
        "year": 2023
      },
      {
        "costOfGoodsSold": 11829,
        "depreciationAmortization": 6926,
        "dilutedAverageSharesOutstanding": 1002,
        "dilutedEPS": 12.48,
        "ebit": 13665,
        "grossIncome": 24805,
        "interestExpense": 1030,
        "interestIncomeExpense": 541,
        "netIncome": 12504,
        "netIncomeAfterTaxes": 13304,
        "nonRecurringItems": -89,
        "otherOperatingExpensesTotal": 1271,
        "period": "2022-12-31",
        "pretaxIncome": 14117,
        "provisionforIncomeTaxes": 813,
        "researchDevelopment": 216,
        "revenue": 36634,
        "sgaExpense": 2727,
        "totalOperatingExpense": 11140,
        "year": 2022
      },
      {
        "costOfGoodsSold": 9172,
        "depreciationAmortization": 8447,
        "dilutedAverageSharesOutstanding": 958.8,
        "dilutedEPS": 1.58,
        "ebit": 4665,
        "grossIncome": 16784,
        "interestExpense": 1614,
        "interestIncomeExpense": -503,
        "minorityInterest": 0,
        "netIncome": 1522,
        "netIncomeAfterTaxes": 2790,
        "nonRecurringItems": -457,
        "otherOperatingExpensesTotal": 1065,
        "period": "2021-12-31",
        "pretaxIncome": 3705,
        "provisionforIncomeTaxes": 915,
        "researchDevelopment": 252,
        "revenue": 25956,
        "sgaExpense": 2355,
        "totalOperatingExpense": 12119,
        "year": 2021
      },
      {
        "costOfGoodsSold": 7911,
        "depreciationAmortization": 8097,
        "dilutedAverageSharesOutstanding": 918.7,
        "dilutedEPS": -17.06,
        "ebit": -1258,
        "grossIncome": 9898,
        "interestExpense": 1424,
        "interestIncomeExpense": -3025,
        "minorityInterest": 0,
        "netIncome": -15675,
        "netIncomeAfterTaxes": -13533,
        "nonRecurringItems": -11422,
        "otherOperatingExpensesTotal": 884,
        "period": "2020-12-31",
        "pretaxIncome": -15705,
        "provisionforIncomeTaxes": -2172,
        "researchDevelopment": 132,
        "revenue": 17809,
        "sgaExpense": 2043,
        "totalOperatingExpense": 11156,
        "year": 2020
      },
      {
        "costOfGoodsSold": 7996,
        "depreciationAmortization": 6140,
        "dilutedAverageSharesOutstanding": 809.5,
        "dilutedEPS": -1.2,
        "ebit": 2983,
        "grossIncome": 12915,
        "interestExpense": 1066,
        "interestIncomeExpense": 379,
        "minorityInterest": -145,
        "netIncome": -985,
        "netIncomeAfterTaxes": -507,
        "nonRecurringItems": -3008,
        "otherOperatingExpensesTotal": 1421,
        "period": "2019-12-31",
        "pretaxIncome": 354,
        "provisionforIncomeTaxes": 861,
        "researchDevelopment": 247,
        "revenue": 20911,
        "sgaExpense": 2124,
        "totalOperatingExpense": 9932,
        "year": 2019
      },
      {
        "costOfGoodsSold": 6568,
        "depreciationAmortization": 3977,
        "dilutedAverageSharesOutstanding": 763.3,
        "dilutedEPS": 5.38,
        "ebit": 5064,
        "equityEarningsAffiliates": 331,
        "grossIncome": 11203,
        "interestExpense": 389,
        "interestIncomeExpense": 774,
        "netIncome": 4114,
        "netIncomeAfterTaxes": 3775,
        "nonRecurringItems": -561,
        "period": "2018-12-31",
        "pretaxIncome": 5277,
        "provisionforIncomeTaxes": 1502,
        "researchDevelopment": 110,
        "revenue": 17771,
        "sgaExpense": 2052,
        "totalOperatingExpense": 6139,
        "year": 2018
      },
      {
        "costOfGoodsSold": 5594,
        "depreciationAmortization": 4002,
        "dilutedAverageSharesOutstanding": 765.9,
        "dilutedEPS": 1.69,
        "ebit": 1240,
        "equityEarningsAffiliates": 357,
        "grossIncome": 7059,
        "interestExpense": 345,
        "interestIncomeExpense": 276,
        "netIncome": 1305,
        "netIncomeAfterTaxes": 944,
        "nonRecurringItems": -545,
        "period": "2017-12-31",
        "pretaxIncome": 971,
        "provisionforIncomeTaxes": 27,
        "researchDevelopment": 82,
        "revenue": 12653,
        "sgaExpense": 1735,
        "totalOperatingExpense": 5819,
        "year": 2017
      },
      {
        "costOfGoodsSold": 5189,
        "depreciationAmortization": 4268,
        "dilutedAverageSharesOutstanding": 763.8,
        "dilutedEPS": -0.75,
        "ebit": -930,
        "equityEarningsAffiliates": 181,
        "grossIncome": 5007,
        "interestExpense": 292,
        "interestIncomeExpense": -90,
        "minorityInterest": 0,
        "netIncome": -574,
        "netIncomeAfterTaxes": -1183,
        "nonRecurringItems": -825,
        "period": "2016-12-31",
        "pretaxIncome": -1845,
        "provisionforIncomeTaxes": -662,
        "researchDevelopment": 62,
        "revenue": 10196,
        "sgaExpense": 1607,
        "totalOperatingExpense": 5937,
        "year": 2016
      },
      {
        "costOfGoodsSold": 5804,
        "depreciationAmortization": 4544,
        "dilutedAverageSharesOutstanding": 765.6,
        "dilutedEPS": -10.22,
        "ebit": 601,
        "equityEarningsAffiliates": 208,
        "grossIncome": 6794,
        "interestExpense": 147,
        "interestIncomeExpense": -46,
        "minorityInterest": 0,
        "netIncome": -7829,
        "netIncomeAfterTaxes": -8354,
        "nonRecurringItems": -10239,
        "period": "2015-12-31",
        "pretaxIncome": -9684,
        "provisionforIncomeTaxes": -1330,
        "researchDevelopment": 36,
        "revenue": 12598,
        "sgaExpense": 1613,
        "totalOperatingExpense": 6193,
        "year": 2015
      }
    ],
    "symbol": "OXY"
  }
}