{
  "symbol": "DDOG",
  "statement": "ic",
  "frequency": "quarterly",
  "timestamp": "2025-09-19T13:58:53.473125",
  "data": {
    "financials": [
      {
        "costOfGoodsSold": 165.978,
        "depreciationAmortization": 0.188,
        "dilutedAverageSharesOutstanding": 358.725,
        "dilutedEPS": 0.0121,
        "ebit": -34.127,
        "grossIncome": 660.782,
        "interestExpense": 3.075,
        "interestIncomeExpense": 47.678,
        "netIncome": 2.647,
        "netIncomeAfterTaxes": 2.647,
        "nonRecurringItems": -1.373,
        "period": "2025-06-30",
        "pretaxIncome": 6.088,
        "provisionforIncomeTaxes": 3.441,
        "researchDevelopment": 387.482,
        "revenue": 826.76,
        "sgaExpense": 307.239,
        "totalOperatingExpense": 694.909,
        "totalOtherIncomeExpenseNet": -6.09
      },
      {
        "costOfGoodsSold": 157.628,
        "depreciationAmortization": 0.203,
        "dilutedAverageSharesOutstanding": 363.078,
        "dilutedEPS": 0.0771,
        "ebit": -12.42,
        "grossIncome": 603.925,
        "interestExpense": 2.963,
        "interestIncomeExpense": 47.764,
        "netIncome": 24.642,
        "netIncomeAfterTaxes": 24.642,
        "period": "2025-03-31",
        "pretaxIncome": 31.796,
        "provisionforIncomeTaxes": 7.154,
        "researchDevelopment": 341.061,
        "revenue": 761.553,
        "sgaExpense": 275.081,
        "totalOperatingExpense": 616.345,
        "totalOtherIncomeExpenseNet": -3.548
      },
      {
        "costOfGoodsSold": 144.178,
        "depreciationAmortization": 0.207,
        "dilutedAverageSharesOutstanding": 362.551,
        "dilutedEPS": 0.12,
        "ebit": 9.392,
        "grossIncome": 593.549,
        "interestExpense": 2.643,
        "interestIncomeExpense": 39.92,
        "netIncome": 45.594,
        "netIncomeAfterTaxes": 45.594,
        "period": "2024-12-31",
        "pretaxIncome": 53.826,
        "provisionforIncomeTaxes": 8.232,
        "researchDevelopment": 316.314,
        "revenue": 737.727,
        "sgaExpense": 267.636,
        "totalOperatingExpense": 584.157,
        "totalOtherIncomeExpenseNet": 4.514
      },
      {
        "costOfGoodsSold": 137.756,
        "depreciationAmortization": 0.208,
        "dilutedAverageSharesOutstanding": 357.635,
        "dilutedEPS": 0.1558,
        "ebit": 20.278,
        "grossIncome": 552.26,
        "interestExpense": 1.574,
        "interestIncomeExpense": 38.508,
        "netIncome": 51.697,
        "netIncomeAfterTaxes": 51.697,
        "period": "2024-09-30",
        "pretaxIncome": 56.136,
        "provisionforIncomeTaxes": 4.439,
        "researchDevelopment": 291.802,
        "revenue": 690.016,
        "sgaExpense": 239.972,
        "totalOperatingExpense": 531.982,
        "totalOtherIncomeExpenseNet": -2.65
      },
      {
        "costOfGoodsSold": 123.499,
        "depreciationAmortization": 0.205,
        "dilutedAverageSharesOutstanding": 382.843,
        "dilutedEPS": 0.1145,
        "ebit": 12.618,
        "grossIncome": 521.78,
        "interestExpense": 1.477,
        "interestIncomeExpense": 35.764,
        "netIncome": 43.824,
        "netIncomeAfterTaxes": 43.824,
        "period": "2024-06-30",
        "pretaxIncome": 47.793,
        "provisionforIncomeTaxes": 3.969,
        "researchDevelopment": 274.599,
        "revenue": 645.279,
        "sgaExpense": 234.358,
        "totalOperatingExpense": 509.162,
        "totalOtherIncomeExpenseNet": -0.589
      },
      {
        "costOfGoodsSold": 110.098,
        "depreciationAmortization": 0.205,
        "dilutedAverageSharesOutstanding": 355.979,
        "dilutedEPS": 0.1198,
        "ebit": 11.996,
        "grossIncome": 501.155,
        "interestExpense": 1.374,
        "interestIncomeExpense": 34.061,
        "netIncome": 42.631,
        "netIncomeAfterTaxes": 42.631,
        "period": "2024-03-31",
        "pretaxIncome": 46.185,
        "provisionforIncomeTaxes": 3.554,
        "researchDevelopment": 269.988,
        "revenue": 611.253,
        "sgaExpense": 218.966,
        "totalOperatingExpense": 489.159,
        "totalOtherIncomeExpenseNet": 0.128
      },
      {
        "costOfGoodsSold": 104.829,
        "depreciationAmortization": 0.208,
        "dilutedAverageSharesOutstanding": 433.983,
        "dilutedEPS": 0.1244,
        "ebit": 27.742,
        "grossIncome": 484.82,
        "interestExpense": 1.292,
        "interestIncomeExpense": 31.491,
        "netIncome": 53.993,
        "netIncomeAfterTaxes": 53.993,
        "period": "2023-12-31",
        "pretaxIncome": 57.267,
        "provisionforIncomeTaxes": 3.274,
        "researchDevelopment": 253.25,
        "revenue": 589.649,
        "sgaExpense": 203.62,
        "totalOperatingExpense": 457.078,
        "totalOtherIncomeExpenseNet": -1.966
      },
      {
        "costOfGoodsSold": 103.3,
        "depreciationAmortization": 0.2,
        "dilutedAverageSharesOutstanding": 351.3,
        "dilutedEPS": 0.06,
        "ebit": -4.2,
        "grossIncome": 444.2,
        "interestExpense": 1.303,
        "interestIncomeExpense": 27.5,
        "netIncome": 22.6,
        "netIncomeAfterTaxes": 22.6,
        "period": "2023-09-30",
        "pretaxIncome": 24.3,
        "provisionforIncomeTaxes": 1.7,
        "researchDevelopment": 240.2,
        "revenue": 547.5,
        "sgaExpense": 208,
        "totalOperatingExpense": 448.5,
        "totalOtherIncomeExpenseNet": 1
      },
      {
        "costOfGoodsSold": 101.8,
        "depreciationAmortization": 0.2,
        "dilutedAverageSharesOutstanding": 322.2,
        "dilutedEPS": -0.01,
        "ebit": -22,
        "grossIncome": 407.6,
        "interestExpense": 1.526,
        "interestIncomeExpense": 21.8,
        "netIncome": -4,
        "netIncomeAfterTaxes": -4,
        "period": "2023-06-30",
        "pretaxIncome": -0.9,
        "provisionforIncomeTaxes": 3.1,
        "researchDevelopment": 239.5,
        "revenue": 509.5,
        "sgaExpense": 189.9,
        "totalOperatingExpense": 429.7,
        "totalOtherIncomeExpenseNet": -0.7
      },
      {
        "costOfGoodsSold": 99.9,
        "depreciationAmortization": 0.2,
        "dilutedAverageSharesOutstanding": 319.3,
        "dilutedEPS": -0.08,
        "ebit": -35,
        "grossIncome": 381.8,
        "interestExpense": 2.181,
        "interestIncomeExpense": 16.3,
        "netIncome": -24.1,
        "netIncomeAfterTaxes": -24.1,
        "period": "2023-03-31",
        "pretaxIncome": -20.4,
        "provisionforIncomeTaxes": 3.7,
        "researchDevelopment": 229.5,
        "revenue": 481.7,
        "sgaExpense": 187.1,
        "totalOperatingExpense": 416.8,
        "totalOtherIncomeExpenseNet": -1.8
      },
      {
        "costOfGoodsSold": 96.8,
        "depreciationAmortization": 0.2,
        "dilutedAverageSharesOutstanding": 317.4,
        "dilutedEPS": -0.09,
        "ebit": -34.6,
        "grossIncome": 372.6,
        "interestExpense": 3.019,
        "interestIncomeExpense": 10.6,
        "netIncome": -29,
        "netIncomeAfterTaxes": -29,
        "period": "2022-12-31",
        "pretaxIncome": -25.9,
        "provisionforIncomeTaxes": 3.2,
        "researchDevelopment": 218.7,
        "revenue": 469.4,
        "sgaExpense": 188.4,
        "totalOperatingExpense": 407.2,
        "totalOtherIncomeExpenseNet": -1.8
      },
      {
        "costOfGoodsSold": 93.6,
        "depreciationAmortization": 0.2,
        "dilutedAverageSharesOutstanding": 316,
        "dilutedEPS": -0.08,
        "ebit": -31.3,
        "grossIncome": 342.9,
        "interestExpense": 3.728,
        "interestIncomeExpense": 5.4,
        "netIncome": -26,
        "netIncomeAfterTaxes": -26,
        "period": "2022-09-30",
        "pretaxIncome": -23.1,
        "provisionforIncomeTaxes": 2.9,
        "researchDevelopment": 205.4,
        "revenue": 436.5,
        "sgaExpense": 168.7,
        "totalOperatingExpense": 374.3,
        "totalOtherIncomeExpenseNet": 2.9
      },
      {
        "costOfGoodsSold": 81.9,
        "depreciationAmortization": 0.2,
        "dilutedAverageSharesOutstanding": 314.8,
        "dilutedEPS": -0.02,
        "ebit": -3.1,
        "grossIncome": 324.2,
        "interestExpense": 4.541,
        "interestIncomeExpense": 2.2,
        "netIncome": -4.9,
        "netIncomeAfterTaxes": -4.9,
        "period": "2022-06-30",
        "pretaxIncome": 0,
        "provisionforIncomeTaxes": 4.9,
        "researchDevelopment": 177.7,
        "revenue": 406.1,
        "sgaExpense": 149.4,
        "totalOperatingExpense": 327.4,
        "totalOtherIncomeExpenseNet": 0.9
      },
      {
        "costOfGoodsSold": 74.5,
        "depreciationAmortization": 0.2,
        "dilutedAverageSharesOutstanding": 390.9,
        "dilutedEPS": 0.02,
        "ebit": 10.4,
        "grossIncome": 288.6,
        "interestExpense": 5.247,
        "interestIncomeExpense": 0.2,
        "netIncome": 9.7,
        "netIncomeAfterTaxes": 9.7,
        "period": "2022-03-31",
        "pretaxIncome": 10.9,
        "provisionforIncomeTaxes": 1.1,
        "researchDevelopment": 150.6,
        "revenue": 363,
        "sgaExpense": 127.3,
        "totalOperatingExpense": 278.1,
        "totalOtherIncomeExpenseNet": 0.2
      },
      {
        "costOfGoodsSold": 67.1,
        "depreciationAmortization": 0.2,
        "dilutedAverageSharesOutstanding": 311.8,
        "dilutedEPS": 0.02,
        "ebit": 8.5,
        "grossIncome": 259,
        "interestExpense": 5.604,
        "interestIncomeExpense": -0.2,
        "netIncome": 7.2,
        "netIncomeAfterTaxes": 7.2,
        "period": "2021-12-31",
        "pretaxIncome": 8.5,
        "provisionforIncomeTaxes": 1.4,
        "researchDevelopment": 133,
        "revenue": 326.2,
        "sgaExpense": 117.3,
        "totalOperatingExpense": 250.6,
        "totalOtherIncomeExpenseNet": 0.2
      },
      {
        "costOfGoodsSold": 63.3,
        "depreciationAmortization": 0.2,
        "dilutedAverageSharesOutstanding": 310.2,
        "dilutedEPS": -0.02,
        "ebit": -4.9,
        "grossIncome": 207.2,
        "interestExpense": 4.912,
        "interestIncomeExpense": -0.1,
        "netIncome": -5.5,
        "netIncomeAfterTaxes": -5.5,
        "period": "2021-09-30",
        "pretaxIncome": -4.8,
        "provisionforIncomeTaxes": 0.7,
        "researchDevelopment": 112.7,
        "revenue": 270.5,
        "sgaExpense": 99.1,
        "totalOperatingExpense": 212.1,
        "totalOtherIncomeExpenseNet": 0.2
      },
      {
        "costOfGoodsSold": 57.1,
        "depreciationAmortization": 0.2,
        "dilutedAverageSharesOutstanding": 308,
        "dilutedEPS": -0.03,
        "ebit": -9.9,
        "grossIncome": 176.5,
        "interestExpense": 5.064,
        "interestIncomeExpense": 0.2,
        "netIncome": -9.4,
        "netIncomeAfterTaxes": -9.4,
        "period": "2021-06-30",
        "pretaxIncome": -9.7,
        "provisionforIncomeTaxes": -0.3,
        "researchDevelopment": 94.8,
        "revenue": 233.5,
        "sgaExpense": 91.4,
        "totalOperatingExpense": 186.3,
        "totalOtherIncomeExpenseNet": 0.1
      },
      {
        "costOfGoodsSold": 46.7,
        "dilutedAverageSharesOutstanding": 306,
        "dilutedEPS": -0.04,
        "ebit": -12.8,
        "grossIncome": 151.9,
        "interestExpense": 5.472,
        "interestIncomeExpense": 0.4,
        "netIncome": -13.1,
        "netIncomeAfterTaxes": -13.1,
        "period": "2021-03-31",
        "pretaxIncome": -12.5,
        "provisionforIncomeTaxes": 0.5,
        "researchDevelopment": 79.3,
        "revenue": 198.5,
        "sgaExpense": 85.4,
        "totalOperatingExpense": 164.7,
        "totalOtherIncomeExpenseNet": -0.1
      },
      {
        "costOfGoodsSold": 40.9,
        "dilutedAverageSharesOutstanding": 304.1,
        "dilutedEPS": -0.05,
        "ebit": -8.9,
        "grossIncome": 136.7,
        "interestExpense": 13.01,
        "interestIncomeExpense": -6.2,
        "netIncome": -16.2,
        "netIncomeAfterTaxes": -16.2,
        "period": "2020-12-31",
        "pretaxIncome": -15.2,
        "provisionforIncomeTaxes": 1,
        "researchDevelopment": 67.7,
        "revenue": 177.5,
        "sgaExpense": 77.9,
        "totalOperatingExpense": 145.6
      },
      {
        "costOfGoodsSold": 34,
        "dilutedAverageSharesOutstanding": 302.6,
        "dilutedEPS": -0.05,
        "ebit": -9.3,
        "grossIncome": 120.7,
        "interestExpense": 12.423,
        "interestIncomeExpense": -5.3,
        "netIncome": -15.2,
        "netIncomeAfterTaxes": -15.2,
        "period": "2020-09-30",
        "pretaxIncome": -14.6,
        "provisionforIncomeTaxes": 0.6,
        "researchDevelopment": 56.4,
        "revenue": 154.7,
        "sgaExpense": 73.5,
        "totalOperatingExpense": 129.9
      },
      {
        "costOfGoodsSold": 28.9,
        "dilutedAverageSharesOutstanding": 330.8,
        "dilutedEPS": 0,
        "ebit": 0.7,
        "grossIncome": 111.1,
        "interestExpense": 4.294,
        "interestIncomeExpense": 0.2,
        "netIncome": 0.3,
        "netIncomeAfterTaxes": 0.3,
        "period": "2020-06-30",
        "pretaxIncome": 0.8,
        "provisionforIncomeTaxes": 0.5,
        "researchDevelopment": 45.7,
        "revenue": 140,
        "sgaExpense": 64.8,
        "totalOperatingExpense": 110.5
      },
      {
        "costOfGoodsSold": 26.5,
        "dilutedAverageSharesOutstanding": 327.8,
        "dilutedEPS": 0.02,
        "ebit": 3.8,
        "grossIncome": 104.8,
        "netIncome": 6.5,
        "netIncomeAfterTaxes": 6.5,
        "period": "2020-03-31",
        "pretaxIncome": 6.7,
        "provisionforIncomeTaxes": 0.2,
        "researchDevelopment": 40.8,
        "revenue": 131.2,
        "sgaExpense": 60.2,
        "totalOperatingExpense": 101,
        "totalOtherIncomeExpenseNet": 2.9
      },
      {
        "costOfGoodsSold": 25.7,
        "dilutedAverageSharesOutstanding": 296.4,
        "dilutedEPS": 0,
        "ebit": -2.3,
        "grossIncome": 87.9,
        "netIncome": 0.9,
        "netIncomeAfterTaxes": 0.9,
        "period": "2019-12-31",
        "pretaxIncome": 1.3,
        "provisionforIncomeTaxes": 0.4,
        "researchDevelopment": 35.9,
        "revenue": 113.6,
        "sgaExpense": 54.3,
        "totalOperatingExpense": 90.2,
        "totalOtherIncomeExpenseNet": 3.5
      },
      {
        "costOfGoodsSold": 23.3,
        "dilutedAverageSharesOutstanding": 295.7,
        "dilutedEPS": -0.01,
        "ebit": -4.2,
        "grossIncome": 72.6,
        "netIncome": -4.2,
        "netIncomeAfterTaxes": -4.2,
        "period": "2019-09-30",
        "pretaxIncome": -4.1,
        "provisionforIncomeTaxes": 0,
        "researchDevelopment": 28.7,
        "revenue": 95.9,
        "sgaExpense": 48.1,
        "totalOperatingExpense": 76.8,
        "totalOtherIncomeExpenseNet": 0.1
      },
      {
        "costOfGoodsSold": 21,
        "dilutedAverageSharesOutstanding": 289.8,
        "dilutedEPS": -0.01,
        "ebit": -4,
        "grossIncome": 62.2,
        "netIncome": -3.9,
        "netIncomeAfterTaxes": -3.9,
        "period": "2019-06-30",
        "pretaxIncome": -3.7,
        "provisionforIncomeTaxes": 0.3,
        "researchDevelopment": 24,
        "revenue": 83.2,
        "sgaExpense": 42.2,
        "totalOperatingExpense": 66.2,
        "totalOtherIncomeExpenseNet": 0.3
      },
      {
        "costOfGoodsSold": 19,
        "dilutedAverageSharesOutstanding": 289.8,
        "dilutedEPS": -0.03,
        "ebit": -9.7,
        "grossIncome": 51.1,
        "netIncome": -9.5,
        "netIncomeAfterTaxes": -9.5,
        "period": "2019-03-31",
        "pretaxIncome": -9.4,
        "provisionforIncomeTaxes": 0.1,
        "researchDevelopment": 22.8,
        "revenue": 70.1,
        "sgaExpense": 37.9,
        "totalOperatingExpense": 60.7,
        "totalOtherIncomeExpenseNet": 0.2
      },
      {
        "costOfGoodsSold": 15.8,
        "dilutedAverageSharesOutstanding": 289.8,
        "dilutedEPS": -0.02,
        "ebit": -6.7,
        "grossIncome": 45.8,
        "netIncome": -6.6,
        "netIncomeAfterTaxes": -6.6,
        "period": "2018-12-31",
        "pretaxIncome": -6.5,
        "provisionforIncomeTaxes": 0.1,
        "researchDevelopment": 17.7,
        "revenue": 61.6,
        "sgaExpense": 34.7,
        "totalOperatingExpense": 52.5,
        "totalOtherIncomeExpenseNet": 0.2
      },
      {
        "costOfGoodsSold": 12.1,
        "dilutedAverageSharesOutstanding": 289.8,
        "dilutedEPS": -0.02,
        "ebit": -4.6,
        "grossIncome": 39,
        "netIncome": -4.7,
        "netIncomeAfterTaxes": -4.7,
        "period": "2018-09-30",
        "pretaxIncome": -4.3,
        "provisionforIncomeTaxes": 0.3,
        "researchDevelopment": 14.2,
        "revenue": 51.1,
        "sgaExpense": 29.5,
        "totalOperatingExpense": 43.6,
        "totalOtherIncomeExpenseNet": 0.3
      },
      {
        "costOfGoodsSold": 9.5,
        "dilutedAverageSharesOutstanding": 289.8,
        "dilutedEPS": 0,
        "ebit": 0.1,
        "grossIncome": 36.2,
        "netIncome": 0.2,
        "netIncomeAfterTaxes": 0.2,
        "period": "2018-06-30",
        "pretaxIncome": 0.2,
        "provisionforIncomeTaxes": 0,
        "researchDevelopment": 12.4,
        "revenue": 45.7,
        "sgaExpense": 23.7,
        "totalOperatingExpense": 36.1,
        "totalOtherIncomeExpenseNet": 0
      },
      {
        "costOfGoodsSold": 9.1,
        "dilutedAverageSharesOutstanding": 289.8,
        "dilutedEPS": 0,
        "ebit": 0.2,
        "grossIncome": 30.6,
        "netIncome": 0.3,
        "netIncomeAfterTaxes": 0.3,
        "period": "2018-03-31",
        "pretaxIncome": 0.4,
        "provisionforIncomeTaxes": 0.1,
        "researchDevelopment": 10.9,
        "revenue": 39.7,
        "sgaExpense": 19.5,
        "totalOperatingExpense": 30.5,
        "totalOtherIncomeExpenseNet": 0.3
      },
      {
        "costOfGoodsSold": 7.8,
        "dilutedAverageSharesOutstanding": 289.8,
        "dilutedEPS": 0,
        "ebit": -0.8,
        "grossIncome": 25.9,
        "netIncome": -0.5,
        "netIncomeAfterTaxes": -0.5,
        "period": "2017-12-31",
        "pretaxIncome": -0.5,
        "provisionforIncomeTaxes": 0,
        "researchDevelopment": 8.5,
        "revenue": 33.7,
        "sgaExpense": 18.2,
        "totalOperatingExpense": 26.7,
        "totalOtherIncomeExpenseNet": 0.2
      },
      {
        "costOfGoodsSold": 6.2,
        "dilutedAverageSharesOutstanding": 289.8,
        "dilutedEPS": 0,
        "ebit": -0.1,
        "grossIncome": 20.6,
        "netIncome": 0.1,
        "netIncomeAfterTaxes": 0.1,
        "period": "2017-09-30",
        "pretaxIncome": 0.1,
        "provisionforIncomeTaxes": 0,
        "researchDevelopment": 6.3,
        "revenue": 26.7,
        "sgaExpense": 14.4,
        "totalOperatingExpense": 20.7,
        "totalOtherIncomeExpenseNet": 0.2
      },
      {
        "costOfGoodsSold": 5.6,
        "dilutedAverageSharesOutstanding": 289.8,
        "dilutedEPS": 0,
        "ebit": -1.6,
        "grossIncome": 16.3,
        "netIncome": -1.3,
        "netIncomeAfterTaxes": -1.3,
        "period": "2017-06-30",
        "pretaxIncome": -1.3,
        "provisionforIncomeTaxes": 0,
        "researchDevelopment": 5.1,
        "revenue": 21.9,
        "sgaExpense": 12.8,
        "totalOperatingExpense": 17.9,
        "totalOtherIncomeExpenseNet": 0.2
      },
      {
        "costOfGoodsSold": 3.9,
        "dilutedAverageSharesOutstanding": 289.8,
        "dilutedEPS": 0,
        "ebit": -0.5,
        "grossIncome": 14.5,
        "netIncome": -0.8,
        "netIncomeAfterTaxes": -0.8,
        "period": "2017-03-31",
        "pretaxIncome": -0.4,
        "provisionforIncomeTaxes": 0.4,
        "researchDevelopment": 4.8,
        "revenue": 18.4,
        "sgaExpense": 10.2,
        "totalOperatingExpense": 15,
        "totalOtherIncomeExpenseNet": 0.1
      }
    ],
    "symbol": "DDOG"
  }
}