{
  "symbol": "PKG",
  "statement": "ic",
  "frequency": "annual",
  "timestamp": "2025-09-19T14:05:12.164585",
  "data": {
    "financials": [
      {
        "costOfGoodsSold": 6600.2,
        "dilutedAverageSharesOutstanding": 89.5,
        "dilutedEPS": 8.933,
        "ebit": 1149.6,
        "grossIncome": 1783.1,
        "interestExpense": 41.4,
        "interestIncomeExpense": -41.4,
        "netIncome": 799.5,
        "netIncomeAfterTaxes": 805.1,
        "nonRecurringItems": -48.3,
        "otherOperatingExpensesTotal": 23.2,
        "period": "2024-12-31",
        "pretaxIncome": 1064.4,
        "provisionforIncomeTaxes": 259.3,
        "revenue": 8383.3,
        "sgaExpense": 610.3,
        "totalOperatingExpense": 633.5,
        "totalOtherIncomeExpenseNet": 4.5,
        "year": 2024
      },
      {
        "costOfGoodsSold": 6103.5,
        "dilutedAverageSharesOutstanding": 89.5,
        "dilutedEPS": 8.4805,
        "ebit": 1116.5,
        "grossIncome": 1698.9,
        "interestExpense": 53.3,
        "interestIncomeExpense": -53.3,
        "netIncome": 759,
        "netIncomeAfterTaxes": 765.2,
        "nonRecurringItems": -41.4,
        "otherOperatingExpensesTotal": 1.5,
        "period": "2023-12-31",
        "pretaxIncome": 1014.1,
        "provisionforIncomeTaxes": 248.9,
        "revenue": 7802.4,
        "sgaExpense": 580.9,
        "totalOperatingExpense": 582.4,
        "totalOtherIncomeExpenseNet": -7.7,
        "year": 2023
      },
      {
        "costOfGoodsSold": 6387.4,
        "dilutedAverageSharesOutstanding": 92.7,
        "dilutedEPS": 11.0237,
        "ebit": 1472,
        "grossIncome": 2090.6,
        "interestExpense": 70.4,
        "interestIncomeExpense": -70.4,
        "netIncome": 1021.9,
        "netIncomeAfterTaxes": 1029.8,
        "nonRecurringItems": -51.3,
        "otherOperatingExpensesTotal": 10,
        "period": "2022-12-31",
        "pretaxIncome": 1364.8,
        "provisionforIncomeTaxes": 335,
        "revenue": 8478,
        "sgaExpense": 608.6,
        "totalOperatingExpense": 618.6,
        "totalOtherIncomeExpenseNet": 14.5,
        "year": 2022
      },
      {
        "costOfGoodsSold": 5857.3,
        "dilutedAverageSharesOutstanding": 94.5,
        "dilutedEPS": 8.8328,
        "ebit": 1283.3,
        "grossIncome": 1873,
        "interestExpense": 93.5,
        "interestIncomeExpense": -93.5,
        "netIncome": 834.7,
        "netIncomeAfterTaxes": 841.1,
        "nonRecurringItems": -100.8,
        "otherOperatingExpensesTotal": 12.9,
        "period": "2021-12-31",
        "pretaxIncome": 1108.7,
        "provisionforIncomeTaxes": 267.6,
        "revenue": 7730.3,
        "sgaExpense": 576.8,
        "totalOperatingExpense": 589.7,
        "totalOtherIncomeExpenseNet": 19.7,
        "year": 2021
      },
      {
        "costOfGoodsSold": 5271.9,
        "dilutedAverageSharesOutstanding": 94.4,
        "dilutedEPS": 4.85,
        "ebit": 841.6,
        "grossIncome": 1386.3,
        "interestExpense": 93.5,
        "interestIncomeExpense": -93.5,
        "netIncome": 457.4,
        "netIncomeAfterTaxes": 461,
        "nonRecurringItems": -117.7,
        "otherOperatingExpensesTotal": 5.1,
        "period": "2020-12-31",
        "pretaxIncome": 632.7,
        "provisionforIncomeTaxes": 171.7,
        "revenue": 6658.2,
        "sgaExpense": 539.6,
        "totalOperatingExpense": 544.7,
        "totalOtherIncomeExpenseNet": 2.3,
        "year": 2020
      },
      {
        "costOfGoodsSold": 5320.3,
        "dilutedAverageSharesOutstanding": 94.1,
        "dilutedEPS": 7.35,
        "ebit": 1079.7,
        "grossIncome": 1644,
        "interestExpense": 123.7,
        "interestIncomeExpense": -123.7,
        "netIncome": 691.2,
        "netIncomeAfterTaxes": 696.4,
        "nonRecurringItems": -26,
        "otherOperatingExpensesTotal": 6.7,
        "period": "2019-12-31",
        "pretaxIncome": 917,
        "provisionforIncomeTaxes": 220.6,
        "revenue": 6964.3,
        "sgaExpense": 557.6,
        "totalOperatingExpense": 564.3,
        "totalOtherIncomeExpenseNet": -13,
        "year": 2019
      },
      {
        "costOfGoodsSold": 5369.3,
        "dilutedAverageSharesOutstanding": 93.9,
        "dilutedEPS": 7.78,
        "ebit": 1102.2,
        "grossIncome": 1645.3,
        "interestExpense": 91.9,
        "interestIncomeExpense": -91.9,
        "netIncome": 732.3,
        "netIncomeAfterTaxes": 736,
        "nonRecurringItems": -34.5,
        "otherOperatingExpensesTotal": 6.7,
        "period": "2018-12-31",
        "pretaxIncome": 970.5,
        "provisionforIncomeTaxes": 234.5,
        "revenue": 7014.6,
        "sgaExpense": 536.4,
        "totalOperatingExpense": 543.1,
        "totalOtherIncomeExpenseNet": -5.3,
        "year": 2018
      },
      {
        "costOfGoodsSold": 4972.7,
        "dilutedAverageSharesOutstanding": 93.7,
        "dilutedEPS": 7.07,
        "ebit": 945.7,
        "grossIncome": 1472.2,
        "interestExpense": 102.6,
        "interestIncomeExpense": -102.6,
        "netIncome": 663,
        "netIncomeAfterTaxes": 546.5,
        "nonRecurringItems": -14.5,
        "otherOperatingExpensesTotal": 3.9,
        "period": "2017-12-31",
        "pretaxIncome": 828.6,
        "provisionforIncomeTaxes": 282.1,
        "revenue": 6444.9,
        "sgaExpense": 522.6,
        "totalOperatingExpense": 526.5,
        "year": 2017
      },
      {
        "costOfGoodsSold": 4503.3,
        "dilutedAverageSharesOutstanding": 93.7,
        "dilutedEPS": 4.75,
        "ebit": 806.4,
        "grossIncome": 1275.7,
        "interestExpense": 91.8,
        "interestIncomeExpense": -91.8,
        "netIncome": 445.2,
        "netIncomeAfterTaxes": 449.6,
        "nonRecurringItems": -26.1,
        "otherOperatingExpensesTotal": -1.8,
        "period": "2016-12-31",
        "pretaxIncome": 688.5,
        "provisionforIncomeTaxes": 238.9,
        "revenue": 5779,
        "sgaExpense": 471.1,
        "totalOperatingExpense": 469.3,
        "year": 2016
      },
      {
        "costOfGoodsSold": 4533.7,
        "dilutedAverageSharesOutstanding": 96.7,
        "dilutedEPS": 4.46,
        "ebit": 763.1,
        "grossIncome": 1208,
        "interestExpense": 85.5,
        "interestIncomeExpense": -85.5,
        "netIncome": 431.6,
        "netIncomeAfterTaxes": 436.8,
        "nonRecurringItems": -13.1,
        "otherOperatingExpensesTotal": -6.4,
        "period": "2015-12-31",
        "pretaxIncome": 664.5,
        "provisionforIncomeTaxes": 227.7,
        "revenue": 5741.7,
        "sgaExpense": 451.3,
        "totalOperatingExpense": 444.9,
        "year": 2015
      }
    ],
    "symbol": "PKG"
  }
}