{
  "symbol": "VRTX",
  "statement": "ic",
  "frequency": "quarterly",
  "timestamp": "2025-09-19T14:08:18.172539",
  "data": {
    "financials": [
      {
        "costOfGoodsSold": 407.5,
        "dilutedAverageSharesOutstanding": 258.9,
        "dilutedEPS": 3.99,
        "ebit": 1153.3,
        "grossIncome": 2557.2,
        "interestExpense": 3.7,
        "interestIncomeExpense": 124.1,
        "netIncome": 1032.9,
        "netIncomeAfterTaxes": 1032.9,
        "nonRecurringItems": -2.2,
        "otherOperatingExpensesTotal": 0.9,
        "period": "2025-06-30",
        "pretaxIncome": 1283,
        "provisionforIncomeTaxes": 250.1,
        "researchDevelopment": 978.4,
        "revenue": 2964.7,
        "sgaExpense": 424.6,
        "totalOperatingExpense": 1403.9,
        "totalOtherIncomeExpenseNet": 7.8
      },
      {
        "costOfGoodsSold": 363,
        "dilutedAverageSharesOutstanding": 259.5,
        "dilutedEPS": 2.49,
        "ebit": 1028.9,
        "grossIncome": 2407.2,
        "interestExpense": 3,
        "interestIncomeExpense": 102.9,
        "netIncome": 646.3,
        "netIncomeAfterTaxes": 646.3,
        "nonRecurringItems": -398.8,
        "otherOperatingExpensesTotal": 2.2,
        "period": "2025-03-31",
        "pretaxIncome": 730.4,
        "provisionforIncomeTaxes": 84.1,
        "researchDevelopment": 979.7,
        "revenue": 2770.2,
        "sgaExpense": 396.4,
        "totalOperatingExpense": 1378.3,
        "totalOtherIncomeExpenseNet": -2.6
      },
      {
        "costOfGoodsSold": 423.4,
        "dilutedAverageSharesOutstanding": 257.3,
        "dilutedEPS": 3.55,
        "ebit": 1113.5,
        "grossIncome": 2488.6,
        "interestExpense": 2.8,
        "interestIncomeExpense": 128.5,
        "netIncome": 913,
        "netIncomeAfterTaxes": 913,
        "nonRecurringItems": -87.5,
        "otherOperatingExpensesTotal": -1.2,
        "period": "2024-12-31",
        "pretaxIncome": 1136.5,
        "provisionforIncomeTaxes": 223.5,
        "researchDevelopment": 998.7,
        "revenue": 2912,
        "sgaExpense": 377.6,
        "totalOperatingExpense": 1375.1,
        "totalOtherIncomeExpenseNet": -18
      },
      {
        "costOfGoodsSold": 392.6,
        "dilutedAverageSharesOutstanding": 261,
        "dilutedEPS": 4.01,
        "ebit": 1131.3,
        "grossIncome": 2379.3,
        "interestExpense": 7.5,
        "interestIncomeExpense": 127.5,
        "netIncome": 1045.4,
        "netIncomeAfterTaxes": 1045.4,
        "nonRecurringItems": -15,
        "otherOperatingExpensesTotal": 0.3,
        "period": "2024-09-30",
        "pretaxIncome": 1224.1,
        "provisionforIncomeTaxes": 178.7,
        "researchDevelopment": 875.9,
        "revenue": 2771.9,
        "sgaExpense": 371.8,
        "totalOperatingExpense": 1248,
        "totalOtherIncomeExpenseNet": -19.7
      },
      {
        "costOfGoodsSold": 371.9,
        "dilutedAverageSharesOutstanding": 258.1,
        "dilutedEPS": -13.92,
        "ebit": 934.4,
        "grossIncome": 2273.7,
        "interestExpense": 9.9,
        "interestIncomeExpense": 133.9,
        "netIncome": -3593.6,
        "netIncomeAfterTaxes": -3593.6,
        "nonRecurringItems": -4449.1,
        "otherOperatingExpensesTotal": 0.5,
        "period": "2024-06-30",
        "pretaxIncome": -3391.2,
        "provisionforIncomeTaxes": 202.4,
        "researchDevelopment": 966.6,
        "revenue": 2645.6,
        "sgaExpense": 372.2,
        "totalOperatingExpense": 1339.3,
        "totalOtherIncomeExpenseNet": -10.4
      },
      {
        "costOfGoodsSold": 342.6,
        "dilutedAverageSharesOutstanding": 261.1,
        "dilutedEPS": 4.21,
        "ebit": 1216.3,
        "grossIncome": 2348,
        "interestExpense": 10.4,
        "interestIncomeExpense": 168.1,
        "netIncome": 1099.6,
        "netIncomeAfterTaxes": 1099.6,
        "nonRecurringItems": -76.8,
        "otherOperatingExpensesTotal": -0.1,
        "period": "2024-03-31",
        "pretaxIncome": 1279.1,
        "provisionforIncomeTaxes": 179.5,
        "researchDevelopment": 789.1,
        "revenue": 2690.6,
        "sgaExpense": 342.7,
        "totalOperatingExpense": 1131.7,
        "totalOtherIncomeExpenseNet": -28.5
      },
      {
        "costOfGoodsSold": 368,
        "dilutedAverageSharesOutstanding": 260.8,
        "dilutedEPS": 3.71,
        "ebit": 1006.3,
        "grossIncome": 2149.7,
        "interestExpense": 10.6,
        "interestIncomeExpense": 168.5,
        "netIncome": 968.8,
        "netIncomeAfterTaxes": 968.8,
        "nonRecurringItems": -17.8,
        "otherOperatingExpensesTotal": -50.3,
        "period": "2023-12-31",
        "pretaxIncome": 1147.6,
        "provisionforIncomeTaxes": 178.8,
        "researchDevelopment": 824.6,
        "revenue": 2517.7,
        "sgaExpense": 369.1,
        "totalOperatingExpense": 1143.4,
        "totalOtherIncomeExpenseNet": -9.4
      },
      {
        "costOfGoodsSold": 318.7,
        "dilutedAverageSharesOutstanding": 260.6,
        "dilutedEPS": 3.97,
        "ebit": 1089.8,
        "grossIncome": 2164.8,
        "interestExpense": 10.9,
        "interestIncomeExpense": 150.8,
        "netIncome": 1035.3,
        "netIncomeAfterTaxes": 1035.3,
        "nonRecurringItems": -51.7,
        "otherOperatingExpensesTotal": 1.2,
        "period": "2023-09-30",
        "pretaxIncome": 1179.2,
        "provisionforIncomeTaxes": 143.9,
        "researchDevelopment": 810,
        "revenue": 2483.5,
        "sgaExpense": 263.8,
        "totalOperatingExpense": 1075,
        "totalOtherIncomeExpenseNet": -9.7
      },
      {
        "costOfGoodsSold": 308.6,
        "dilutedAverageSharesOutstanding": 260.4,
        "dilutedEPS": 3.52,
        "ebit": 1136.9,
        "grossIncome": 2184.6,
        "interestExpense": 11.2,
        "interestIncomeExpense": 142.7,
        "netIncome": 915.7,
        "netIncomeAfterTaxes": 915.7,
        "nonRecurringItems": -110.5,
        "otherOperatingExpensesTotal": -0.6,
        "period": "2023-06-30",
        "pretaxIncome": 1161.5,
        "provisionforIncomeTaxes": 245.8,
        "researchDevelopment": 785.7,
        "revenue": 2493.2,
        "sgaExpense": 262.6,
        "totalOperatingExpense": 1047.7,
        "totalOtherIncomeExpenseNet": -7.6
      },
      {
        "costOfGoodsSold": 266.9,
        "dilutedAverageSharesOutstanding": 260.3,
        "dilutedEPS": 2.69,
        "ebit": 1126.1,
        "grossIncome": 2107.9,
        "interestExpense": 11.4,
        "interestIncomeExpense": 117.6,
        "netIncome": 699.8,
        "netIncomeAfterTaxes": 699.8,
        "nonRecurringItems": -347.1,
        "otherOperatingExpensesTotal": -1.9,
        "period": "2023-03-31",
        "pretaxIncome": 891.5,
        "provisionforIncomeTaxes": 191.7,
        "researchDevelopment": 742.6,
        "revenue": 2374.8,
        "sgaExpense": 241.1,
        "totalOperatingExpense": 981.8,
        "totalOtherIncomeExpenseNet": -5.1
      },
      {
        "costOfGoodsSold": 283.3,
        "dilutedAverageSharesOutstanding": 260.3,
        "dilutedEPS": 3.15,
        "ebit": 1056.1,
        "grossIncome": 2019.4,
        "interestExpense": 11.6,
        "interestIncomeExpense": 68.4,
        "netIncome": 818.9,
        "netIncomeAfterTaxes": 818.9,
        "nonRecurringItems": -22.6,
        "otherOperatingExpensesTotal": 1.8,
        "period": "2022-12-31",
        "pretaxIncome": 1076.8,
        "provisionforIncomeTaxes": 257.9,
        "researchDevelopment": 694.1,
        "revenue": 2302.7,
        "sgaExpense": 267.4,
        "totalOperatingExpense": 963.3,
        "totalOtherIncomeExpenseNet": -25.1
      },
      {
        "costOfGoodsSold": 289.4,
        "dilutedAverageSharesOutstanding": 259.5,
        "dilutedEPS": 3.59,
        "ebit": 1155.7,
        "grossIncome": 2044.9,
        "interestExpense": 13.7,
        "interestIncomeExpense": 49.2,
        "netIncome": 930.5,
        "netIncomeAfterTaxes": 930.5,
        "nonRecurringItems": -29,
        "otherOperatingExpensesTotal": -2.6,
        "period": "2022-09-30",
        "pretaxIncome": 1176.4,
        "provisionforIncomeTaxes": 245.9,
        "researchDevelopment": 645,
        "revenue": 2334.3,
        "sgaExpense": 246.8,
        "totalOperatingExpense": 889.2,
        "totalOtherIncomeExpenseNet": 0.5
      },
      {
        "costOfGoodsSold": 261.8,
        "dilutedAverageSharesOutstanding": 258.7,
        "dilutedEPS": 3.13,
        "ebit": 1181.2,
        "grossIncome": 1934.4,
        "interestExpense": 14.6,
        "interestIncomeExpense": -88,
        "netIncome": 810.5,
        "netIncomeAfterTaxes": 810.5,
        "nonRecurringItems": -74.9,
        "otherOperatingExpensesTotal": -49.2,
        "period": "2022-06-30",
        "pretaxIncome": 1024.4,
        "provisionforIncomeTaxes": 213.9,
        "researchDevelopment": 587.1,
        "revenue": 2196.2,
        "sgaExpense": 215.3,
        "totalOperatingExpense": 753.2,
        "totalOtherIncomeExpenseNet": 6.1
      },
      {
        "costOfGoodsSold": 245.8,
        "dilutedAverageSharesOutstanding": 257.9,
        "dilutedEPS": 2.96,
        "ebit": 1040.9,
        "grossIncome": 1851.7,
        "interestExpense": 14.9,
        "interestIncomeExpense": -88.9,
        "netIncome": 762.1,
        "netIncomeAfterTaxes": 762.1,
        "otherOperatingExpensesTotal": -7.5,
        "period": "2022-03-31",
        "pretaxIncome": 954.8,
        "provisionforIncomeTaxes": 192.7,
        "researchDevelopment": 603.1,
        "revenue": 2097.5,
        "sgaExpense": 215.2,
        "totalOperatingExpense": 810.8,
        "totalOtherIncomeExpenseNet": 2.8
      },
      {
        "costOfGoodsSold": 247.387,
        "dilutedAverageSharesOutstanding": 256.969,
        "dilutedEPS": 3,
        "ebit": 877.723,
        "grossIncome": 1825.174,
        "interestExpense": 15.089,
        "interestIncomeExpense": -1.796,
        "netIncome": 770.11,
        "netIncomeAfterTaxes": 770.11,
        "otherOperatingExpensesTotal": -2,
        "period": "2021-12-31",
        "pretaxIncome": 870.954,
        "provisionforIncomeTaxes": 100.844,
        "researchDevelopment": 694.286,
        "revenue": 2072.561,
        "sgaExpense": 255.165,
        "totalOperatingExpense": 947.451,
        "totalOtherIncomeExpenseNet": -4.973
      },
      {
        "costOfGoodsSold": 236.512,
        "dilutedAverageSharesOutstanding": 259.707,
        "dilutedEPS": 3.28,
        "ebit": 1054.512,
        "grossIncome": 1747.652,
        "interestExpense": 15.255,
        "interestIncomeExpense": 32.54,
        "netIncome": 851.928,
        "netIncomeAfterTaxes": 851.928,
        "otherOperatingExpensesTotal": 1.2,
        "period": "2021-09-30",
        "pretaxIncome": 1082.741,
        "provisionforIncomeTaxes": 230.813,
        "researchDevelopment": 493.751,
        "revenue": 1984.164,
        "sgaExpense": 198.189,
        "totalOperatingExpense": 693.14,
        "totalOtherIncomeExpenseNet": -4.311
      },
      {
        "costOfGoodsSold": 227.972,
        "dilutedAverageSharesOutstanding": 261.02,
        "dilutedEPS": 0.26,
        "ebit": -37.961,
        "grossIncome": 1565.398,
        "interestExpense": 15.478,
        "interestIncomeExpense": -3.736,
        "netIncome": 66.924,
        "netIncomeAfterTaxes": 66.924,
        "otherOperatingExpensesTotal": 1.6,
        "period": "2021-06-30",
        "pretaxIncome": -44.255,
        "provisionforIncomeTaxes": -111.179,
        "researchDevelopment": 1407.09,
        "revenue": 1793.37,
        "sgaExpense": 194.669,
        "totalOperatingExpense": 1603.359,
        "totalOtherIncomeExpenseNet": -2.558
      },
      {
        "costOfGoodsSold": 192.329,
        "dilutedAverageSharesOutstanding": 261.916,
        "dilutedEPS": 2.49,
        "ebit": 887.826,
        "grossIncome": 1531.976,
        "interestExpense": 15.678,
        "interestIncomeExpense": -66.508,
        "netIncome": 653.138,
        "netIncomeAfterTaxes": 653.138,
        "otherOperatingExpensesTotal": -3.9,
        "period": "2021-03-31",
        "pretaxIncome": 820.96,
        "provisionforIncomeTaxes": 167.822,
        "researchDevelopment": 455.973,
        "revenue": 1724.305,
        "sgaExpense": 192.077,
        "totalOperatingExpense": 644.15,
        "totalOtherIncomeExpenseNet": -0.358
      },
      {
        "costOfGoodsSold": 203.101,
        "dilutedAverageSharesOutstanding": 261.491,
        "dilutedEPS": 2.31,
        "ebit": 745.792,
        "grossIncome": 1424.719,
        "interestExpense": 16.288,
        "interestIncomeExpense": 19.899,
        "minorityInterest": 0,
        "netIncome": 604.19,
        "netIncomeAfterTaxes": 604.19,
        "nonRecurringItems": 0,
        "otherOperatingExpensesTotal": 0.5,
        "period": "2020-12-31",
        "pretaxIncome": 888.623,
        "provisionforIncomeTaxes": 284.433,
        "researchDevelopment": 466.584,
        "revenue": 1627.82,
        "sgaExpense": 211.843,
        "totalOperatingExpense": 678.927,
        "totalOtherIncomeExpenseNet": 122.932
      },
      {
        "costOfGoodsSold": 186.182,
        "dilutedAverageSharesOutstanding": 264.079,
        "dilutedEPS": 2.53,
        "ebit": 672.241,
        "grossIncome": 1352.089,
        "interestExpense": 13.856,
        "interestIncomeExpense": 59.044,
        "netIncome": 667.434,
        "netIncomeAfterTaxes": 667.434,
        "otherOperatingExpensesTotal": 1.8,
        "period": "2020-09-30",
        "pretaxIncome": 745.871,
        "provisionforIncomeTaxes": 78.437,
        "researchDevelopment": 493.497,
        "revenue": 1538.271,
        "sgaExpense": 184.551,
        "totalOperatingExpense": 679.848,
        "totalOtherIncomeExpenseNet": 14.586
      },
      {
        "costOfGoodsSold": 184.52,
        "dilutedAverageSharesOutstanding": 263.403,
        "dilutedEPS": 3.18,
        "ebit": 718.033,
        "grossIncome": 1339.965,
        "interestExpense": 13.871,
        "interestIncomeExpense": 75.872,
        "netIncome": 837.27,
        "netIncomeAfterTaxes": 837.27,
        "otherOperatingExpensesTotal": 9.2,
        "period": "2020-06-30",
        "pretaxIncome": 824.77,
        "provisionforIncomeTaxes": -12.5,
        "researchDevelopment": 420.928,
        "revenue": 1524.485,
        "sgaExpense": 191.804,
        "totalOperatingExpense": 621.932,
        "totalOtherIncomeExpenseNet": 30.865
      },
      {
        "costOfGoodsSold": 162.497,
        "dilutedAverageSharesOutstanding": 263.515,
        "dilutedEPS": 2.29,
        "ebit": 720.224,
        "grossIncome": 1352.61,
        "interestExpense": 14.136,
        "interestIncomeExpense": -30.231,
        "netIncome": 602.753,
        "netIncomeAfterTaxes": 602.753,
        "otherOperatingExpensesTotal": 1.6,
        "period": "2020-03-31",
        "pretaxIncome": 657.534,
        "provisionforIncomeTaxes": 54.781,
        "researchDevelopment": 448.528,
        "revenue": 1515.107,
        "sgaExpense": 182.258,
        "totalOperatingExpense": 632.386,
        "totalOtherIncomeExpenseNet": -32.459
      },
      {
        "costOfGoodsSold": 185.012,
        "dilutedAverageSharesOutstanding": 262.146,
        "dilutedEPS": 2.22,
        "ebit": 551.465,
        "grossIncome": 1228.253,
        "interestExpense": 14.249,
        "interestIncomeExpense": 13.822,
        "minorityInterest": 0,
        "netIncome": 583.234,
        "netIncomeAfterTaxes": 583.234,
        "nonRecurringItems": 0,
        "otherOperatingExpensesTotal": 1.5,
        "period": "2019-12-31",
        "pretaxIncome": 676.95,
        "provisionforIncomeTaxes": 93.716,
        "researchDevelopment": 480.011,
        "revenue": 1413.265,
        "sgaExpense": 195.277,
        "totalOperatingExpense": 676.788,
        "totalOtherIncomeExpenseNet": 111.663
      },
      {
        "costOfGoodsSold": 131.914,
        "dilutedAverageSharesOutstanding": 260.473,
        "dilutedEPS": 0.22,
        "ebit": 99.333,
        "grossIncome": 817.914,
        "interestExpense": 14.548,
        "interestIncomeExpense": -5.732,
        "minorityInterest": 0,
        "netIncome": 57.518,
        "netIncomeAfterTaxes": 57.518,
        "nonRecurringItems": 0,
        "otherOperatingExpensesTotal": 2.959,
        "period": "2019-09-30",
        "pretaxIncome": 70.666,
        "provisionforIncomeTaxes": 13.148,
        "researchDevelopment": 555.948,
        "revenue": 949.828,
        "sgaExpense": 159.674,
        "totalOperatingExpense": 718.581,
        "totalOtherIncomeExpenseNet": -22.935
      },
      {
        "costOfGoodsSold": 135.74,
        "dilutedAverageSharesOutstanding": 259.822,
        "dilutedEPS": 1.03,
        "ebit": 269.96,
        "grossIncome": 805.553,
        "interestExpense": 14.837,
        "interestIncomeExpense": 2.15,
        "minorityInterest": 0,
        "netIncome": 267.427,
        "netIncomeAfterTaxes": 267.427,
        "nonRecurringItems": 0,
        "period": "2019-06-30",
        "pretaxIncome": 327.138,
        "provisionforIncomeTaxes": 59.711,
        "researchDevelopment": 379.091,
        "revenue": 941.293,
        "sgaExpense": 156.502,
        "totalOperatingExpense": 535.593,
        "totalOtherIncomeExpenseNet": 55.028
      },
      {
        "costOfGoodsSold": 95.092,
        "dilutedAverageSharesOutstanding": 260.175,
        "dilutedEPS": 1.03,
        "ebit": 276.808,
        "grossIncome": 763.343,
        "interestExpense": 14.868,
        "interestIncomeExpense": 3.898,
        "minorityInterest": 0,
        "netIncome": 268.631,
        "netIncomeAfterTaxes": 268.631,
        "nonRecurringItems": 0,
        "period": "2019-03-31",
        "pretaxIncome": 320.165,
        "provisionforIncomeTaxes": 51.534,
        "researchDevelopment": 339.49,
        "revenue": 858.435,
        "sgaExpense": 147.045,
        "totalOperatingExpense": 486.535,
        "totalOtherIncomeExpenseNet": 39.459
      },
      {
        "costOfGoodsSold": 122.289,
        "dilutedAverageSharesOutstanding": 259.824,
        "dilutedEPS": 5.96,
        "ebit": 156.726,
        "grossIncome": 747.817,
        "interestIncomeExpense": -2.318,
        "minorityInterest": 25.431,
        "netIncome": 1550.187,
        "netIncomeAfterTaxes": -34.904,
        "nonRecurringItems": -29.004,
        "period": "2018-12-31",
        "pretaxIncome": 32.497,
        "provisionforIncomeTaxes": 67.401,
        "researchDevelopment": 437.881,
        "revenue": 870.106,
        "sgaExpense": 153.21,
        "totalOperatingExpense": 591.091,
        "totalOtherIncomeExpenseNet": -92.907
      },
      {
        "costOfGoodsSold": 111.255,
        "dilutedAverageSharesOutstanding": 259.788,
        "dilutedEPS": 0.5,
        "ebit": 205.475,
        "grossIncome": 673.28,
        "interestIncomeExpense": -7.361,
        "minorityInterest": 0.29,
        "netIncome": 128.732,
        "netIncomeAfterTaxes": 128.456,
        "nonRecurringItems": 0.174,
        "period": "2018-09-30",
        "pretaxIncome": 136.511,
        "provisionforIncomeTaxes": 8.055,
        "researchDevelopment": 330.51,
        "revenue": 784.535,
        "sgaExpense": 137.295,
        "totalOperatingExpense": 467.805,
        "totalOtherIncomeExpenseNet": -61.777
      },
      {
        "costOfGoodsSold": 104.382,
        "dilutedAverageSharesOutstanding": 263.084,
        "dilutedEPS": 0.8,
        "ebit": 172.94,
        "grossIncome": 647.775,
        "interestIncomeExpense": -14.258,
        "minorityInterest": 1.11,
        "netIncome": 207.31,
        "netIncomeAfterTaxes": 206.25,
        "nonRecurringItems": -0.062,
        "period": "2018-06-30",
        "pretaxIncome": 216.591,
        "provisionforIncomeTaxes": 10.341,
        "researchDevelopment": 337.532,
        "revenue": 752.157,
        "sgaExpense": 137.303,
        "totalOperatingExpense": 474.835,
        "totalOtherIncomeExpenseNet": 57.971
      },
      {
        "costOfGoodsSold": 71.613,
        "dilutedAverageSharesOutstanding": 258.526,
        "dilutedEPS": 0.81,
        "ebit": 128.825,
        "grossIncome": 569.186,
        "interestIncomeExpense": -9.559,
        "minorityInterest": -17.038,
        "netIncome": 210.166,
        "netIncomeAfterTaxes": 227.301,
        "nonRecurringItems": 0.076,
        "period": "2018-03-31",
        "pretaxIncome": 214.642,
        "provisionforIncomeTaxes": -12.659,
        "researchDevelopment": 310.553,
        "revenue": 640.799,
        "sgaExpense": 129.808,
        "totalOperatingExpense": 440.361,
        "totalOtherIncomeExpenseNet": 95.3
      },
      {
        "costOfGoodsSold": 84.052,
        "dilutedAverageSharesOutstanding": 256.615,
        "dilutedEPS": 0.39,
        "ebit": 126.124,
        "grossIncome": 567.582,
        "interestExpense": 12.547,
        "interestIncomeExpense": -12.547,
        "minorityInterest": -1.501,
        "netIncome": 100.594,
        "netIncomeAfterTaxes": 102.185,
        "nonRecurringItems": -0.387,
        "period": "2017-12-31",
        "pretaxIncome": 112.442,
        "provisionforIncomeTaxes": 10.257,
        "researchDevelopment": 306.664,
        "revenue": 651.634,
        "sgaExpense": 134.794,
        "totalOperatingExpense": 441.458,
        "totalOtherIncomeExpenseNet": -0.748
      },
      {
        "costOfGoodsSold": 72.874,
        "dilutedAverageSharesOutstanding": 250.268,
        "dilutedEPS": -0.41,
        "ebit": -70.366,
        "grossIncome": 505.291,
        "interestExpense": 13.574,
        "interestIncomeExpense": -13.574,
        "minorityInterest": 188.315,
        "netIncome": -102.952,
        "netIncomeAfterTaxes": -291.267,
        "nonRecurringItems": -255.677,
        "period": "2017-09-30",
        "pretaxIncome": -417.17,
        "provisionforIncomeTaxes": -125.903,
        "researchDevelopment": 454.947,
        "revenue": 578.165,
        "sgaExpense": 120.71,
        "totalOperatingExpense": 575.657,
        "totalOtherIncomeExpenseNet": -77.553
      },
      {
        "costOfGoodsSold": 71.205,
        "dilutedAverageSharesOutstanding": 256.423,
        "dilutedEPS": 0.06,
        "ebit": 56.23,
        "grossIncome": 472.93,
        "interestExpense": 14.664,
        "interestIncomeExpense": -14.664,
        "minorityInterest": -13.173,
        "netIncome": 17.793,
        "netIncomeAfterTaxes": 31.169,
        "nonRecurringItems": -3.523,
        "period": "2017-06-30",
        "pretaxIncome": 35.506,
        "provisionforIncomeTaxes": 4.337,
        "researchDevelopment": 289.451,
        "revenue": 544.135,
        "sgaExpense": 127.249,
        "totalOperatingExpense": 416.7,
        "totalOtherIncomeExpenseNet": -2.537
      },
      {
        "costOfGoodsSold": 46.988,
        "dilutedAverageSharesOutstanding": 248.7,
        "dilutedEPS": 1,
        "ebit": 280.841,
        "grossIncome": 667.73,
        "interestExpense": 16.765,
        "interestIncomeExpense": -16.765,
        "minorityInterest": -1.792,
        "netIncome": 247.756,
        "netIncomeAfterTaxes": 249.548,
        "nonRecurringItems": -9.999,
        "period": "2017-03-31",
        "pretaxIncome": 253.533,
        "provisionforIncomeTaxes": 3.985,
        "researchDevelopment": 273.563,
        "revenue": 714.718,
        "sgaExpense": 113.326,
        "totalOperatingExpense": 386.889,
        "totalOtherIncomeExpenseNet": -0.544
      },
      {
        "costOfGoodsSold": 60.482,
        "dilutedAverageSharesOutstanding": 245.153,
        "dilutedEPS": 0.13,
        "ebit": 39.864,
        "grossIncome": 398.224,
        "interestExpense": 20.439,
        "interestIncomeExpense": -20.439,
        "minorityInterest": 5.186,
        "netIncome": 32.945,
        "netIncomeAfterTaxes": 27.759,
        "nonRecurringItems": -0.224,
        "period": "2016-12-31",
        "pretaxIncome": 20.306,
        "provisionforIncomeTaxes": -7.453,
        "researchDevelopment": 248.452,
        "revenue": 458.706,
        "sgaExpense": 109.908,
        "totalOperatingExpense": 358.36,
        "totalOtherIncomeExpenseNet": 1.105
      },
      {
        "costOfGoodsSold": 54.077,
        "dilutedAverageSharesOutstanding": 244.92,
        "dilutedEPS": -0.16,
        "ebit": -18.719,
        "grossIncome": 359.706,
        "interestExpense": 20.14,
        "interestIncomeExpense": -20.14,
        "minorityInterest": 0.696,
        "netIncome": -38.841,
        "netIncomeAfterTaxes": -39.537,
        "nonRecurringItems": -0.008,
        "period": "2016-09-30",
        "pretaxIncome": -39.034,
        "provisionforIncomeTaxes": 0.503,
        "researchDevelopment": 272.37,
        "revenue": 413.783,
        "sgaExpense": 106.055,
        "totalOperatingExpense": 378.425,
        "totalOtherIncomeExpenseNet": -0.167
      },
      {
        "costOfGoodsSold": 45.252,
        "dilutedAverageSharesOutstanding": 244.482,
        "dilutedEPS": -0.26,
        "ebit": 3.696,
        "grossIncome": 386.356,
        "interestExpense": 20.155,
        "interestIncomeExpense": -20.155,
        "minorityInterest": -28.374,
        "netIncome": -64.525,
        "netIncomeAfterTaxes": -36.151,
        "nonRecurringItems": -0.343,
        "period": "2016-06-30",
        "pretaxIncome": -18.021,
        "provisionforIncomeTaxes": 18.13,
        "researchDevelopment": 271.008,
        "revenue": 431.608,
        "sgaExpense": 111.652,
        "totalOperatingExpense": 382.66,
        "totalOtherIncomeExpenseNet": -1.219
      },
      {
        "costOfGoodsSold": 50.649,
        "dilutedAverageSharesOutstanding": 243.831,
        "dilutedEPS": -0.17,
        "ebit": -13.643,
        "grossIncome": 347.431,
        "interestExpense": 20.698,
        "interestIncomeExpense": -20.698,
        "minorityInterest": -5.529,
        "netIncome": -41.631,
        "netIncomeAfterTaxes": -36.102,
        "nonRecurringItems": -0.687,
        "period": "2016-03-31",
        "pretaxIncome": -30.617,
        "provisionforIncomeTaxes": 5.485,
        "researchDevelopment": 255.86,
        "revenue": 398.08,
        "sgaExpense": 105.214,
        "totalOperatingExpense": 361.074,
        "totalOtherIncomeExpenseNet": 4.411
      },
      {
        "costOfGoodsSold": 63.385,
        "dilutedAverageSharesOutstanding": 243.001,
        "dilutedEPS": -0.3,
        "ebit": -52.18,
        "grossIncome": 354.55,
        "interestExpense": 20.654,
        "interestIncomeExpense": -20.654,
        "minorityInterest": 0.938,
        "netIncome": -73.731,
        "netIncomeAfterTaxes": -74.669,
        "nonRecurringItems": -1.524,
        "period": "2015-12-31",
        "pretaxIncome": -76.048,
        "provisionforIncomeTaxes": -1.379,
        "researchDevelopment": 310.181,
        "revenue": 417.935,
        "sgaExpense": 96.549,
        "totalOperatingExpense": 406.73,
        "totalOtherIncomeExpenseNet": -1.69
      },
      {
        "costOfGoodsSold": 31.96,
        "dilutedAverageSharesOutstanding": 241.969,
        "dilutedEPS": -0.39,
        "ebit": -68.2,
        "grossIncome": 277.856,
        "interestExpense": 21.134,
        "interestIncomeExpense": -21.134,
        "minorityInterest": -1.333,
        "netIncome": -95.149,
        "netIncomeAfterTaxes": -93.816,
        "nonRecurringItems": -1.826,
        "period": "2015-09-30",
        "pretaxIncome": -92.486,
        "provisionforIncomeTaxes": 1.33,
        "researchDevelopment": 246.284,
        "revenue": 309.816,
        "sgaExpense": 99.772,
        "totalOperatingExpense": 346.056,
        "totalOtherIncomeExpenseNet": -1.326
      }
    ],
    "symbol": "VRTX"
  }
}