{
  "symbol": "OTIS",
  "statement": "ic",
  "frequency": "quarterly",
  "timestamp": "2025-09-19T14:05:09.265998",
  "data": {
    "financials": [
      {
        "costOfGoodsSold": 2506,
        "dilutedAverageSharesOutstanding": 395.8,
        "dilutedEPS": 0.9929,
        "ebit": 580,
        "grossIncome": 1089,
        "interestExpense": 52,
        "interestIncomeExpense": -26,
        "minorityInterest": -30,
        "netIncome": 393,
        "netIncomeAfterTaxes": 423,
        "nonRecurringItems": -33,
        "otherOperatingExpensesTotal": 5,
        "period": "2025-06-30",
        "pretaxIncome": 521,
        "provisionforIncomeTaxes": 98,
        "researchDevelopment": 38,
        "revenue": 3595,
        "sgaExpense": 466,
        "totalOperatingExpense": 509,
        "totalOtherIncomeExpenseNet": 0
      },
      {
        "costOfGoodsSold": 2349,
        "dilutedAverageSharesOutstanding": 399.1,
        "dilutedEPS": 0.6089,
        "ebit": 430,
        "grossIncome": 1001,
        "interestIncomeExpense": -45,
        "minorityInterest": -13,
        "netIncome": 243,
        "netIncomeAfterTaxes": 256,
        "nonRecurringItems": -19,
        "otherOperatingExpensesTotal": 89,
        "period": "2025-03-31",
        "pretaxIncome": 366,
        "provisionforIncomeTaxes": 110,
        "researchDevelopment": 37,
        "revenue": 3350,
        "sgaExpense": 445,
        "totalOperatingExpense": 571,
        "totalOtherIncomeExpenseNet": 0
      },
      {
        "costOfGoodsSold": 2603,
        "dilutedAverageSharesOutstanding": 401.4,
        "dilutedEPS": 0.8396,
        "ebit": 548,
        "grossIncome": 1072,
        "interestIncomeExpense": -48,
        "minorityInterest": -16,
        "netIncome": 337,
        "netIncomeAfterTaxes": 353,
        "nonRecurringItems": -17,
        "otherOperatingExpensesTotal": 9,
        "period": "2024-12-31",
        "pretaxIncome": 483,
        "provisionforIncomeTaxes": 130,
        "researchDevelopment": 37,
        "revenue": 3675,
        "sgaExpense": 478,
        "totalOperatingExpense": 524,
        "totalOtherIncomeExpenseNet": 0
      },
      {
        "costOfGoodsSold": 2470,
        "dilutedAverageSharesOutstanding": 402.7,
        "dilutedEPS": 1.341,
        "ebit": 580,
        "grossIncome": 1078,
        "interestIncomeExpense": 150,
        "minorityInterest": -17,
        "netIncome": 540,
        "netIncomeAfterTaxes": 557,
        "nonRecurringItems": -217,
        "otherOperatingExpensesTotal": 9,
        "period": "2024-09-30",
        "pretaxIncome": 512,
        "provisionforIncomeTaxes": -45,
        "researchDevelopment": 40,
        "revenue": 3548,
        "sgaExpense": 449,
        "totalOperatingExpense": 498,
        "totalOtherIncomeExpenseNet": -1
      },
      {
        "costOfGoodsSold": 2522,
        "dilutedAverageSharesOutstanding": 405.5,
        "dilutedEPS": 1.0234,
        "ebit": 575,
        "grossIncome": 1079,
        "interestIncomeExpense": -27,
        "minorityInterest": -35,
        "netIncome": 415,
        "netIncomeAfterTaxes": 450,
        "nonRecurringItems": -5,
        "otherOperatingExpensesTotal": 21,
        "period": "2024-06-30",
        "pretaxIncome": 544,
        "provisionforIncomeTaxes": 94,
        "researchDevelopment": 39,
        "revenue": 3601,
        "sgaExpense": 444,
        "totalOperatingExpense": 504,
        "totalOtherIncomeExpenseNet": 1
      },
      {
        "costOfGoodsSold": 2409,
        "dilutedAverageSharesOutstanding": 408.1,
        "dilutedEPS": 0.865,
        "ebit": 559,
        "grossIncome": 1028,
        "interestIncomeExpense": -44,
        "minorityInterest": -21,
        "netIncome": 353,
        "netIncomeAfterTaxes": 374,
        "nonRecurringItems": -15,
        "otherOperatingExpensesTotal": -14,
        "period": "2024-03-31",
        "pretaxIncome": 500,
        "provisionforIncomeTaxes": 126,
        "researchDevelopment": 36,
        "revenue": 3437,
        "sgaExpense": 447,
        "totalOperatingExpense": 469,
        "totalOtherIncomeExpenseNet": 0
      },
      {
        "costOfGoodsSold": 2552,
        "dilutedAverageSharesOutstanding": 411,
        "dilutedEPS": 0.7859,
        "ebit": 558,
        "grossIncome": 1068,
        "interestIncomeExpense": -41,
        "minorityInterest": -21,
        "netIncome": 323,
        "netIncomeAfterTaxes": 344,
        "nonRecurringItems": -36,
        "otherOperatingExpensesTotal": 11,
        "period": "2023-12-31",
        "pretaxIncome": 477,
        "provisionforIncomeTaxes": 133,
        "researchDevelopment": 37,
        "revenue": 3620,
        "sgaExpense": 462,
        "totalOperatingExpense": 510,
        "totalOtherIncomeExpenseNet": -4
      },
      {
        "costOfGoodsSold": 2477,
        "dilutedAverageSharesOutstanding": 413.7,
        "dilutedEPS": 0.91,
        "ebit": 583,
        "grossIncome": 1046,
        "interestIncomeExpense": -39,
        "minorityInterest": -19,
        "netIncome": 376,
        "netIncomeAfterTaxes": 395,
        "nonRecurringItems": -12,
        "otherOperatingExpensesTotal": -13,
        "period": "2023-09-30",
        "pretaxIncome": 532,
        "provisionforIncomeTaxes": 137,
        "researchDevelopment": 36,
        "revenue": 3523,
        "sgaExpense": 440,
        "totalOperatingExpense": 463,
        "totalOtherIncomeExpenseNet": 0
      },
      {
        "costOfGoodsSold": 2637,
        "dilutedAverageSharesOutstanding": 416,
        "dilutedEPS": 0.9,
        "ebit": 590,
        "grossIncome": 1083,
        "interestIncomeExpense": -37,
        "minorityInterest": -31,
        "netIncome": 376,
        "netIncomeAfterTaxes": 407,
        "nonRecurringItems": -10,
        "otherOperatingExpensesTotal": -12,
        "period": "2023-06-30",
        "pretaxIncome": 542,
        "provisionforIncomeTaxes": 135,
        "researchDevelopment": 36,
        "revenue": 3720,
        "sgaExpense": 469,
        "totalOperatingExpense": 493,
        "totalOtherIncomeExpenseNet": -1
      },
      {
        "costOfGoodsSold": 2350,
        "dilutedAverageSharesOutstanding": 417.8,
        "dilutedEPS": 0.79,
        "ebit": 516,
        "grossIncome": 996,
        "interestIncomeExpense": -33,
        "minorityInterest": -21,
        "netIncome": 331,
        "netIncomeAfterTaxes": 352,
        "nonRecurringItems": -3,
        "otherOperatingExpensesTotal": -7,
        "period": "2023-03-31",
        "pretaxIncome": 480,
        "provisionforIncomeTaxes": 128,
        "researchDevelopment": 35,
        "revenue": 3346,
        "sgaExpense": 452,
        "totalOperatingExpense": 480,
        "totalOtherIncomeExpenseNet": 0
      },
      {
        "costOfGoodsSold": 2479,
        "dilutedAverageSharesOutstanding": 419.1,
        "dilutedEPS": 0.71,
        "ebit": 501,
        "grossIncome": 960,
        "interestIncomeExpense": -36,
        "minorityInterest": -21,
        "netIncome": 297,
        "netIncomeAfterTaxes": 318,
        "nonRecurringItems": -10,
        "otherOperatingExpensesTotal": -17,
        "period": "2022-12-31",
        "pretaxIncome": 455,
        "provisionforIncomeTaxes": 137,
        "researchDevelopment": 38,
        "revenue": 3439,
        "sgaExpense": 438,
        "totalOperatingExpense": 459,
        "totalOtherIncomeExpenseNet": 0
      },
      {
        "costOfGoodsSold": 2373,
        "dilutedAverageSharesOutstanding": 421.2,
        "dilutedEPS": 0.77,
        "ebit": 533,
        "grossIncome": 971,
        "interestIncomeExpense": -35,
        "minorityInterest": -26,
        "netIncome": 324,
        "netIncomeAfterTaxes": 350,
        "nonRecurringItems": -4,
        "otherOperatingExpensesTotal": -12,
        "period": "2022-09-30",
        "pretaxIncome": 493,
        "provisionforIncomeTaxes": 143,
        "researchDevelopment": 37,
        "revenue": 3344,
        "sgaExpense": 413,
        "totalOperatingExpense": 438,
        "totalOtherIncomeExpenseNet": -1
      },
      {
        "costOfGoodsSold": 2505,
        "dilutedAverageSharesOutstanding": 424.2,
        "dilutedEPS": 0.76,
        "ebit": 501,
        "grossIncome": 983,
        "interestIncomeExpense": -35,
        "minorityInterest": -27,
        "netIncome": 321,
        "netIncomeAfterTaxes": 348,
        "nonRecurringItems": -14,
        "otherOperatingExpensesTotal": 19,
        "period": "2022-06-30",
        "pretaxIncome": 451,
        "provisionforIncomeTaxes": 103,
        "researchDevelopment": 38,
        "revenue": 3488,
        "sgaExpense": 425,
        "totalOperatingExpense": 482,
        "totalOtherIncomeExpenseNet": -1
      },
      {
        "costOfGoodsSold": 2408,
        "dilutedAverageSharesOutstanding": 427.7,
        "dilutedEPS": 0.73,
        "ebit": 537,
        "grossIncome": 1006,
        "interestIncomeExpense": -37,
        "minorityInterest": -42,
        "netIncome": 311,
        "netIncomeAfterTaxes": 353,
        "nonRecurringItems": -11,
        "otherOperatingExpensesTotal": -16,
        "period": "2022-03-31",
        "pretaxIncome": 489,
        "provisionforIncomeTaxes": 136,
        "researchDevelopment": 37,
        "revenue": 3414,
        "sgaExpense": 448,
        "totalOperatingExpense": 469,
        "totalOtherIncomeExpenseNet": 0
      },
      {
        "costOfGoodsSold": 2530,
        "dilutedAverageSharesOutstanding": 429.6,
        "dilutedEPS": 0.65,
        "ebit": 517,
        "grossIncome": 1039,
        "interestIncomeExpense": -44,
        "minorityInterest": -29,
        "netIncome": 281,
        "netIncomeAfterTaxes": 310,
        "nonRecurringItems": -21,
        "otherOperatingExpensesTotal": -6,
        "period": "2021-12-31",
        "pretaxIncome": 447,
        "provisionforIncomeTaxes": 137,
        "researchDevelopment": 46,
        "revenue": 3569,
        "sgaExpense": 482,
        "totalOperatingExpense": 522,
        "totalOtherIncomeExpenseNet": -5
      },
      {
        "costOfGoodsSold": 2560,
        "dilutedAverageSharesOutstanding": 430.6,
        "dilutedEPS": 0.77,
        "ebit": 561,
        "grossIncome": 1060,
        "interestIncomeExpense": -33,
        "minorityInterest": -48,
        "netIncome": 331,
        "netIncomeAfterTaxes": 379,
        "nonRecurringItems": -19,
        "otherOperatingExpensesTotal": 0,
        "period": "2021-09-30",
        "pretaxIncome": 507,
        "provisionforIncomeTaxes": 128,
        "researchDevelopment": 39,
        "revenue": 3620,
        "sgaExpense": 460,
        "totalOperatingExpense": 499,
        "totalOtherIncomeExpenseNet": -2
      },
      {
        "costOfGoodsSold": 2626,
        "dilutedAverageSharesOutstanding": 431.6,
        "dilutedEPS": 0.76,
        "ebit": 562,
        "grossIncome": 1075,
        "interestIncomeExpense": -27,
        "minorityInterest": -53,
        "netIncome": 326,
        "netIncomeAfterTaxes": 379,
        "nonRecurringItems": -1,
        "otherOperatingExpensesTotal": -9,
        "period": "2021-06-30",
        "pretaxIncome": 532,
        "provisionforIncomeTaxes": 153,
        "researchDevelopment": 39,
        "revenue": 3701,
        "sgaExpense": 483,
        "totalOperatingExpense": 513,
        "totalOtherIncomeExpenseNet": -2
      },
      {
        "costOfGoodsSold": 2389,
        "dilutedAverageSharesOutstanding": 433.7,
        "dilutedEPS": 0.71,
        "ebit": 529,
        "grossIncome": 1019,
        "interestIncomeExpense": -32,
        "minorityInterest": -44,
        "netIncome": 308,
        "netIncomeAfterTaxes": 352,
        "nonRecurringItems": -20,
        "otherOperatingExpensesTotal": -7,
        "period": "2021-03-31",
        "pretaxIncome": 475,
        "provisionforIncomeTaxes": 123,
        "researchDevelopment": 35,
        "revenue": 3408,
        "sgaExpense": 462,
        "totalOperatingExpense": 490,
        "totalOtherIncomeExpenseNet": -2
      },
      {
        "costOfGoodsSold": 2481,
        "dilutedAverageSharesOutstanding": 436.1,
        "dilutedEPS": 0.58,
        "ebit": 505,
        "grossIncome": 1012,
        "interestIncomeExpense": -37,
        "minorityInterest": -28,
        "netIncome": 251,
        "netIncomeAfterTaxes": 279,
        "nonRecurringItems": -65,
        "otherOperatingExpensesTotal": -5,
        "period": "2020-12-31",
        "pretaxIncome": 397,
        "provisionforIncomeTaxes": 118,
        "researchDevelopment": 40,
        "revenue": 3493,
        "sgaExpense": 472,
        "totalOperatingExpense": 507,
        "totalOtherIncomeExpenseNet": -6
      },
      {
        "costOfGoodsSold": 2289,
        "dilutedAverageSharesOutstanding": 435.1,
        "dilutedEPS": 0.61,
        "ebit": 494,
        "grossIncome": 979,
        "interestIncomeExpense": -39,
        "minorityInterest": -44,
        "netIncome": 266,
        "netIncomeAfterTaxes": 310,
        "nonRecurringItems": -40,
        "otherOperatingExpensesTotal": 7,
        "period": "2020-09-30",
        "pretaxIncome": 413,
        "provisionforIncomeTaxes": 103,
        "researchDevelopment": 37,
        "revenue": 3268,
        "sgaExpense": 441,
        "totalOperatingExpense": 485,
        "totalOtherIncomeExpenseNet": -2
      },
      {
        "costOfGoodsSold": 2138,
        "dilutedAverageSharesOutstanding": 434.1,
        "dilutedEPS": 0.52,
        "ebit": 445,
        "grossIncome": 891,
        "interestIncomeExpense": -41,
        "minorityInterest": -41,
        "netIncome": 224,
        "netIncomeAfterTaxes": 265,
        "nonRecurringItems": -29,
        "otherOperatingExpensesTotal": -3,
        "period": "2020-06-30",
        "pretaxIncome": 374,
        "provisionforIncomeTaxes": 109,
        "researchDevelopment": 37,
        "revenue": 3029,
        "sgaExpense": 412,
        "totalOperatingExpense": 446,
        "totalOtherIncomeExpenseNet": -1
      },
      {
        "costOfGoodsSold": 2069,
        "dilutedAverageSharesOutstanding": 433.1,
        "dilutedEPS": 0.38,
        "ebit": 367,
        "grossIncome": 897,
        "interestIncomeExpense": -5,
        "minorityInterest": -37,
        "netIncome": 165,
        "netIncomeAfterTaxes": 202,
        "nonRecurringItems": -38,
        "otherOperatingExpensesTotal": 65,
        "period": "2020-03-31",
        "pretaxIncome": 327,
        "provisionforIncomeTaxes": 125,
        "researchDevelopment": 38,
        "revenue": 2966,
        "sgaExpense": 427,
        "totalOperatingExpense": 530,
        "totalOtherIncomeExpenseNet": 3
      },
      {
        "costOfGoodsSold": 2387,
        "dilutedAverageSharesOutstanding": 433.1,
        "dilutedEPS": 0.5,
        "ebit": 478,
        "grossIncome": 966,
        "interestIncomeExpense": 6,
        "minorityInterest": -36,
        "netIncome": 218,
        "netIncomeAfterTaxes": 254,
        "nonRecurringItems": -42,
        "otherOperatingExpensesTotal": 4,
        "period": "2019-12-31",
        "pretaxIncome": 437,
        "provisionforIncomeTaxes": 183,
        "researchDevelopment": 45,
        "revenue": 3353,
        "sgaExpense": 439,
        "totalOperatingExpense": 488,
        "totalOtherIncomeExpenseNet": -5
      },
      {
        "costOfGoodsSold": 2338,
        "dilutedAverageSharesOutstanding": 433.1,
        "dilutedEPS": 0.73,
        "ebit": 490,
        "grossIncome": 975,
        "interestIncomeExpense": 6,
        "minorityInterest": -44,
        "netIncome": 317,
        "netIncomeAfterTaxes": 361,
        "nonRecurringItems": -8,
        "otherOperatingExpensesTotal": 10,
        "period": "2019-09-30",
        "pretaxIncome": 504,
        "provisionforIncomeTaxes": 143,
        "researchDevelopment": 39,
        "revenue": 3313,
        "sgaExpense": 436,
        "totalOperatingExpense": 485,
        "totalOtherIncomeExpenseNet": 16
      },
      {
        "costOfGoodsSold": 2367,
        "dilutedAverageSharesOutstanding": 433.1,
        "dilutedEPS": 0.71,
        "ebit": 507,
        "grossIncome": 984,
        "interestIncomeExpense": 3,
        "minorityInterest": -44,
        "netIncome": 308,
        "netIncomeAfterTaxes": 352,
        "nonRecurringItems": -26,
        "period": "2019-06-30",
        "pretaxIncome": 495,
        "provisionforIncomeTaxes": 143,
        "researchDevelopment": 40,
        "revenue": 3351,
        "sgaExpense": 437,
        "totalOperatingExpense": 477,
        "totalOtherIncomeExpenseNet": 11
      },
      {
        "costOfGoodsSold": 2200,
        "dilutedAverageSharesOutstanding": 433.1,
        "dilutedEPS": 0.63,
        "ebit": 432,
        "grossIncome": 901,
        "interestIncomeExpense": -1,
        "minorityInterest": -27,
        "netIncome": 273,
        "netIncomeAfterTaxes": 300,
        "nonRecurringItems": -17,
        "otherOperatingExpensesTotal": 6,
        "period": "2019-03-31",
        "pretaxIncome": 425,
        "provisionforIncomeTaxes": 125,
        "researchDevelopment": 39,
        "revenue": 3101,
        "sgaExpense": 424,
        "totalOperatingExpense": 469,
        "totalOtherIncomeExpenseNet": 11
      }
    ],
    "symbol": "OTIS"
  }
}