{
  "symbol": "GD",
  "statement": "ic",
  "frequency": "annual",
  "timestamp": "2025-09-19T14:01:00.212575",
  "data": {
    "financials": [
      {
        "costOfGoodsSold": 40352,
        "dilutedAverageSharesOutstanding": 277.485,
        "dilutedEPS": 13.6296,
        "ebit": 4796,
        "grossIncome": 7364,
        "interestExpense": 393,
        "interestIncomeExpense": -324,
        "netIncome": 3782,
        "netIncomeAfterTaxes": 3782,
        "otherOperatingExpensesTotal": 0,
        "period": "2024-12-31",
        "pretaxIncome": 4540,
        "provisionforIncomeTaxes": 758,
        "revenue": 47716,
        "sgaExpense": 2568,
        "totalOperatingExpense": 2568,
        "totalOtherIncomeExpenseNet": 68,
        "year": 2024
      },
      {
        "costOfGoodsSold": 35600,
        "dilutedAverageSharesOutstanding": 275.725,
        "dilutedEPS": 12.0229,
        "ebit": 4245,
        "grossIncome": 6672,
        "interestExpense": 399,
        "interestIncomeExpense": -343,
        "netIncome": 3315,
        "netIncomeAfterTaxes": 3315,
        "otherOperatingExpensesTotal": 0,
        "period": "2023-12-31",
        "pretaxIncome": 3984,
        "provisionforIncomeTaxes": 669,
        "revenue": 42272,
        "sgaExpense": 2427,
        "totalOperatingExpense": 2427,
        "totalOtherIncomeExpenseNet": 82,
        "year": 2023
      },
      {
        "costOfGoodsSold": 32785,
        "dilutedAverageSharesOutstanding": 278,
        "dilutedEPS": 12.19,
        "ebit": 4211,
        "grossIncome": 6622,
        "interestExpense": 391,
        "interestIncomeExpense": -364,
        "netIncome": 3390,
        "netIncomeAfterTaxes": 3390,
        "period": "2022-12-31",
        "pretaxIncome": 4036,
        "provisionforIncomeTaxes": 646,
        "revenue": 39407,
        "sgaExpense": 2411,
        "totalOperatingExpense": 2411,
        "totalOtherIncomeExpenseNet": 189,
        "year": 2022
      },
      {
        "costOfGoodsSold": 32061,
        "dilutedAverageSharesOutstanding": 282,
        "dilutedEPS": 11.55,
        "ebit": 4163,
        "grossIncome": 6408,
        "interestExpense": 431,
        "interestIncomeExpense": -424,
        "netIncome": 3257,
        "netIncomeAfterTaxes": 3257,
        "period": "2021-12-31",
        "pretaxIncome": 3873,
        "provisionforIncomeTaxes": 616,
        "revenue": 38469,
        "sgaExpense": 2245,
        "totalOperatingExpense": 2245,
        "totalOtherIncomeExpenseNet": 134,
        "year": 2021
      },
      {
        "costOfGoodsSold": 31600,
        "dilutedAverageSharesOutstanding": 288,
        "dilutedEPS": 11,
        "ebit": 4133,
        "grossIncome": 6325,
        "interestExpense": 489,
        "interestIncomeExpense": -477,
        "netIncome": 3167,
        "netIncomeAfterTaxes": 3167,
        "period": "2020-12-31",
        "pretaxIncome": 3738,
        "provisionforIncomeTaxes": 571,
        "revenue": 37925,
        "sgaExpense": 2192,
        "totalOperatingExpense": 2192,
        "totalOtherIncomeExpenseNet": 82,
        "year": 2020
      },
      {
        "costOfGoodsSold": 32291,
        "dilutedAverageSharesOutstanding": 291,
        "dilutedEPS": 11.98,
        "ebit": 4648,
        "grossIncome": 7059,
        "interestExpense": 472,
        "interestIncomeExpense": -460,
        "netIncome": 3484,
        "netIncomeAfterTaxes": 3484,
        "period": "2019-12-31",
        "pretaxIncome": 4202,
        "provisionforIncomeTaxes": 718,
        "revenue": 39350,
        "sgaExpense": 2411,
        "totalOperatingExpense": 2411,
        "totalOtherIncomeExpenseNet": 14,
        "year": 2019
      },
      {
        "costOfGoodsSold": 29478,
        "dilutedAverageSharesOutstanding": 299,
        "dilutedEPS": 11.18,
        "ebit": 4457,
        "grossIncome": 6715,
        "interestExpense": 374,
        "interestIncomeExpense": -356,
        "netIncome": 3345,
        "netIncomeAfterTaxes": 3358,
        "nonRecurringItems": -30,
        "period": "2018-12-31",
        "pretaxIncome": 4085,
        "provisionforIncomeTaxes": 727,
        "revenue": 36193,
        "sgaExpense": 2258,
        "totalOperatingExpense": 2258,
        "totalOtherIncomeExpenseNet": 14,
        "year": 2018
      },
      {
        "costOfGoodsSold": 24731,
        "dilutedAverageSharesOutstanding": 305,
        "dilutedEPS": 9.54,
        "ebit": 4236,
        "grossIncome": 6242,
        "interestExpense": 117,
        "interestIncomeExpense": -103,
        "netIncome": 2912,
        "netIncomeAfterTaxes": 3031,
        "period": "2017-12-31",
        "pretaxIncome": 4077,
        "provisionforIncomeTaxes": 1046,
        "revenue": 30973,
        "sgaExpense": 2006,
        "totalOperatingExpense": 2006,
        "totalOtherIncomeExpenseNet": -56,
        "year": 2017
      },
      {
        "costOfGoodsSold": 24896,
        "dilutedAverageSharesOutstanding": 310,
        "dilutedEPS": 8.29,
        "ebit": 3744,
        "grossIncome": 5665,
        "interestExpense": 99,
        "interestIncomeExpense": -91,
        "netIncome": 2572,
        "netIncomeAfterTaxes": 2679,
        "period": "2016-12-31",
        "pretaxIncome": 3656,
        "provisionforIncomeTaxes": 977,
        "revenue": 30561,
        "sgaExpense": 1921,
        "totalOperatingExpense": 1921,
        "totalOtherIncomeExpenseNet": 3,
        "year": 2016
      },
      {
        "costOfGoodsSold": 25549,
        "dilutedAverageSharesOutstanding": 327,
        "dilutedEPS": 9.29,
        "ebit": 4295,
        "grossIncome": 6232,
        "interestExpense": 98,
        "interestIncomeExpense": -83,
        "netIncome": 3036,
        "netIncomeAfterTaxes": 3036,
        "period": "2015-12-31",
        "pretaxIncome": 4219,
        "provisionforIncomeTaxes": 1183,
        "revenue": 31781,
        "sgaExpense": 1937,
        "totalOperatingExpense": 1937,
        "totalOtherIncomeExpenseNet": 7,
        "year": 2015
      }
    ],
    "symbol": "GD"
  }
}