{
  "symbol": "HST",
  "statement": "ic",
  "frequency": "annual",
  "timestamp": "2025-09-19T14:01:40.170559",
  "data": {
    "financials": [
      {
        "depreciationAmortization": 762,
        "dilutedAverageSharesOutstanding": 704,
        "dilutedEPS": 0.9901,
        "ebit": 771,
        "gainLossOnDispositionOfAssets": 0,
        "interestExpense": 215,
        "interestIncomeExpense": -154,
        "minorityInterest": -10,
        "netIncome": 697,
        "netIncomeAfterTaxes": 707,
        "nonRecurringItems": 104,
        "period": "2024-12-31",
        "pretaxIncome": 721,
        "provisionforIncomeTaxes": 14,
        "revenue": 5684,
        "sgaExpense": 4151,
        "totalOperatingExpense": 4913,
        "year": 2024
      },
      {
        "depreciationAmortization": 697,
        "dilutedAverageSharesOutstanding": 712.8,
        "dilutedEPS": 1.0382,
        "ebit": 741,
        "gainLossOnDispositionOfAssets": 71,
        "interestExpense": 191,
        "interestIncomeExpense": -110,
        "minorityInterest": -12,
        "netIncome": 740,
        "netIncomeAfterTaxes": 752,
        "nonRecurringItems": 86,
        "period": "2023-12-31",
        "pretaxIncome": 788,
        "provisionforIncomeTaxes": 36,
        "revenue": 5311,
        "sgaExpense": 3873,
        "totalOperatingExpense": 4570,
        "year": 2023
      },
      {
        "depreciationAmortization": 664,
        "dilutedAverageSharesOutstanding": 717.5,
        "dilutedEPS": 0.88,
        "ebit": 758,
        "gainLossOnDispositionOfAssets": 17,
        "interestExpense": 156,
        "interestIncomeExpense": -123,
        "minorityInterest": -10,
        "netIncome": 633,
        "netIncomeAfterTaxes": 643,
        "nonRecurringItems": 17,
        "period": "2022-12-31",
        "pretaxIncome": 669,
        "provisionforIncomeTaxes": 26,
        "revenue": 4907,
        "sgaExpense": 3485,
        "totalOperatingExpense": 4149,
        "year": 2022
      },
      {
        "depreciationAmortization": 762,
        "dilutedAverageSharesOutstanding": 710.3,
        "dilutedEPS": -0.02,
        "ebit": -258,
        "gainLossOnDispositionOfAssets": 306,
        "interestExpense": 168,
        "interestIncomeExpense": -135,
        "minorityInterest": 1,
        "netIncome": -12,
        "netIncomeAfterTaxes": -11,
        "nonRecurringItems": -15,
        "period": "2021-12-31",
        "pretaxIncome": -102,
        "provisionforIncomeTaxes": -91,
        "revenue": 2890,
        "sgaExpense": 2386,
        "totalOperatingExpense": 3148,
        "year": 2021
      },
      {
        "depreciationAmortization": 665,
        "dilutedAverageSharesOutstanding": 705.9,
        "dilutedEPS": -1.04,
        "ebit": -953,
        "gainLossOnDispositionOfAssets": 208,
        "interestExpense": 158,
        "interestIncomeExpense": -180,
        "minorityInterest": 9,
        "netIncome": -732,
        "netIncomeAfterTaxes": -741,
        "nonRecurringItems": -36,
        "period": "2020-12-31",
        "pretaxIncome": -961,
        "provisionforIncomeTaxes": -220,
        "revenue": 1620,
        "sgaExpense": 1908,
        "totalOperatingExpense": 2573,
        "year": 2020
      },
      {
        "depreciationAmortization": 670,
        "dilutedAverageSharesOutstanding": 731.1,
        "dilutedEPS": 1.26,
        "ebit": 800,
        "gainLossOnDispositionOfAssets": 334,
        "interestExpense": 166,
        "interestIncomeExpense": -121,
        "minorityInterest": -12,
        "netIncome": 920,
        "netIncomeAfterTaxes": 932,
        "nonRecurringItems": -57,
        "period": "2019-12-31",
        "pretaxIncome": 962,
        "provisionforIncomeTaxes": 30,
        "revenue": 5469,
        "sgaExpense": 3999,
        "totalOperatingExpense": 4669,
        "totalOtherIncomeExpenseNet": 6,
        "year": 2019
      },
      {
        "depreciationAmortization": 684,
        "dilutedAverageSharesOutstanding": 740.6,
        "dilutedEPS": 1.47,
        "ebit": 783,
        "gainLossOnDispositionOfAssets": 902,
        "interestExpense": 176,
        "interestIncomeExpense": -131,
        "minorityInterest": -64,
        "netIncome": 1087,
        "netIncomeAfterTaxes": 1151,
        "nonRecurringItems": -253,
        "period": "2018-12-31",
        "pretaxIncome": 1301,
        "provisionforIncomeTaxes": 150,
        "revenue": 5524,
        "sgaExpense": 4057,
        "totalOperatingExpense": 4741,
        "year": 2018
      },
      {
        "depreciationAmortization": 751,
        "dilutedAverageSharesOutstanding": 739.1,
        "dilutedEPS": 0.77,
        "ebit": 662,
        "gainLossOnDispositionOfAssets": 108,
        "interestExpense": 167,
        "interestIncomeExpense": -133,
        "minorityInterest": -7,
        "netIncome": 564,
        "netIncomeAfterTaxes": 577,
        "nonRecurringItems": 14,
        "period": "2017-12-31",
        "pretaxIncome": 651,
        "provisionforIncomeTaxes": 74,
        "revenue": 5387,
        "sgaExpense": 3974,
        "totalOperatingExpense": 4725,
        "year": 2017
      },
      {
        "depreciationAmortization": 724,
        "dilutedAverageSharesOutstanding": 743.7,
        "dilutedEPS": 1.02,
        "ebit": 669,
        "gainLossOnDispositionOfAssets": 253,
        "interestExpense": 154,
        "interestIncomeExpense": -126,
        "minorityInterest": -9,
        "netIncome": 762,
        "netIncomeAfterTaxes": 771,
        "nonRecurringItems": 15,
        "period": "2016-12-31",
        "pretaxIncome": 811,
        "provisionforIncomeTaxes": 40,
        "revenue": 5430,
        "sgaExpense": 4037,
        "totalOperatingExpense": 4761,
        "year": 2016
      },
      {
        "depreciationAmortization": 708,
        "dilutedAverageSharesOutstanding": 752.9,
        "dilutedEPS": 0.74,
        "ebit": 629,
        "gainLossOnDispositionOfAssets": 95,
        "interestExpense": 227,
        "interestIncomeExpense": -152,
        "minorityInterest": -7,
        "netIncome": 558,
        "netIncomeAfterTaxes": 565,
        "nonRecurringItems": 2,
        "period": "2015-12-31",
        "pretaxIncome": 574,
        "provisionforIncomeTaxes": 9,
        "revenue": 5350,
        "sgaExpense": 4013,
        "totalOperatingExpense": 4721,
        "year": 2015
      }
    ],
    "symbol": "HST"
  }
}