{
  "symbol": "MET",
  "statement": "ic",
  "frequency": "annual",
  "timestamp": "2025-09-19T14:03:54.555800",
  "data": {
    "financials": [
      {
        "benefitsClaimsLossAdjustment": 50540,
        "deferredPolicyAcquisitionExpense": -812,
        "dilutedAverageSharesOutstanding": 711.1,
        "dilutedEPS": 5.9429,
        "ebit": 6721,
        "grossPremiumsEarned": 47546,
        "interestExpense": 1037,
        "interestIncomeExpense": -1099,
        "minorityInterest": -18,
        "netIncome": 4226,
        "netIncomeAfterTaxes": 4444,
        "otherOperatingExpensesTotal": 7230,
        "otherRevenue": 4974,
        "period": "2024-12-31",
        "pretaxIncome": 5622,
        "provisionforIncomeTaxes": 1178,
        "revenue": 71048,
        "sgaExpense": 7369,
        "totalOperatingExpense": 64327,
        "year": 2024
      },
      {
        "benefitsClaimsLossAdjustment": 50364,
        "deferredPolicyAcquisitionExpense": -965,
        "dilutedAverageSharesOutstanding": 762.3,
        "dilutedEPS": 1.8103,
        "ebit": 3153,
        "grossPremiumsEarned": 46809,
        "interestExpense": 1045,
        "interestIncomeExpense": -991,
        "minorityInterest": -24,
        "netIncome": 1380,
        "netIncomeAfterTaxes": 1602,
        "otherOperatingExpensesTotal": 6840,
        "otherRevenue": 5152,
        "period": "2023-12-31",
        "pretaxIncome": 2162,
        "provisionforIncomeTaxes": 560,
        "revenue": 66851,
        "sgaExpense": 7459,
        "totalOperatingExpense": 63698,
        "year": 2023
      },
      {
        "benefitsClaimsLossAdjustment": 55877,
        "deferredPolicyAcquisitionExpense": -627,
        "dilutedAverageSharesOutstanding": 869,
        "dilutedEPS": 2.71,
        "ebit": 3797,
        "grossPremiumsEarned": 52031,
        "interestExpense": 938,
        "interestIncomeExpense": -938,
        "minorityInterest": -19,
        "netIncome": 2354,
        "netIncomeAfterTaxes": 2558,
        "otherOperatingExpensesTotal": 3651,
        "otherRevenue": 5585,
        "period": "2022-12-31",
        "pretaxIncome": 2859,
        "provisionforIncomeTaxes": 301,
        "revenue": 69898,
        "sgaExpense": 7200,
        "totalOperatingExpense": 66101,
        "year": 2022
      },
      {
        "benefitsClaimsLossAdjustment": 49417,
        "deferredPolicyAcquisitionExpense": -163,
        "dilutedAverageSharesOutstanding": 869,
        "dilutedEPS": 7.31,
        "ebit": 9046,
        "grossPremiumsEarned": 44628,
        "interestExpense": 920,
        "interestIncomeExpense": -920,
        "minorityInterest": -21,
        "netIncome": 6353,
        "netIncomeAfterTaxes": 6575,
        "otherOperatingExpensesTotal": 5504,
        "otherRevenue": 5756,
        "period": "2021-12-31",
        "pretaxIncome": 8126,
        "provisionforIncomeTaxes": 1551,
        "revenue": 71080,
        "sgaExpense": 7276,
        "totalOperatingExpense": 62034,
        "year": 2021
      },
      {
        "benefitsClaimsLossAdjustment": 47057,
        "deferredPolicyAcquisitionExpense": 147,
        "dilutedAverageSharesOutstanding": 913,
        "dilutedEPS": 5.68,
        "ebit": 7840,
        "grossPremiumsEarned": 43883,
        "interestExpense": 913,
        "interestIncomeExpense": -913,
        "minorityInterest": -11,
        "netIncome": 5191,
        "netIncomeAfterTaxes": 5418,
        "otherOperatingExpensesTotal": 5169,
        "otherRevenue": 5603,
        "period": "2020-12-31",
        "pretaxIncome": 6927,
        "provisionforIncomeTaxes": 1509,
        "revenue": 67842,
        "sgaExpense": 7629,
        "totalOperatingExpense": 60002,
        "year": 2020
      },
      {
        "benefitsClaimsLossAdjustment": 47462,
        "deferredPolicyAcquisitionExpense": -462,
        "dilutedAverageSharesOutstanding": 944,
        "dilutedEPS": 6.06,
        "ebit": 7880,
        "grossPremiumsEarned": 44077,
        "interestExpense": 955,
        "interestIncomeExpense": -955,
        "minorityInterest": -10,
        "netIncome": 5721,
        "netIncomeAfterTaxes": 5909,
        "nonRecurringItems": -130,
        "otherOperatingExpensesTotal": 6431,
        "otherRevenue": 5603,
        "period": "2019-12-31",
        "pretaxIncome": 6795,
        "provisionforIncomeTaxes": 886,
        "revenue": 69750,
        "sgaExpense": 8439,
        "totalOperatingExpense": 61870,
        "year": 2019
      },
      {
        "benefitsClaimsLossAdjustment": 48363,
        "deferredPolicyAcquisitionExpense": -279,
        "dilutedAverageSharesOutstanding": 1014,
        "dilutedEPS": 4.91,
        "ebit": 7469,
        "grossPremiumsEarned": 45720,
        "interestExpense": 1122,
        "interestIncomeExpense": -1122,
        "minorityInterest": -5,
        "netIncome": 4982,
        "netIncomeAfterTaxes": 5128,
        "nonRecurringItems": -40,
        "otherOperatingExpensesTotal": 3957,
        "otherRevenue": 5502,
        "period": "2018-12-31",
        "pretaxIncome": 6307,
        "provisionforIncomeTaxes": 1179,
        "revenue": 67981,
        "sgaExpense": 8471,
        "totalOperatingExpense": 60512,
        "year": 2018
      },
      {
        "benefitsClaimsLossAdjustment": 43700,
        "deferredPolicyAcquisitionExpense": -321,
        "dilutedAverageSharesOutstanding": 1079,
        "dilutedEPS": 3.62,
        "ebit": 4675,
        "grossPremiumsEarned": 40333,
        "interestExpense": 1129,
        "interestIncomeExpense": -1129,
        "minorityInterest": -10,
        "netIncome": 3907,
        "netIncomeAfterTaxes": 4708,
        "nonRecurringItems": -10,
        "otherOperatingExpensesTotal": 5467,
        "otherRevenue": 5510,
        "period": "2017-12-31",
        "pretaxIncome": 3536,
        "provisionforIncomeTaxes": -1172,
        "revenue": 62318,
        "sgaExpense": 8797,
        "totalOperatingExpense": 57643,
        "year": 2017
      },
      {
        "benefitsClaimsLossAdjustment": 42099,
        "deferredPolicyAcquisitionExpense": -434,
        "dilutedAverageSharesOutstanding": 1109,
        "dilutedEPS": 0.67,
        "ebit": 5545,
        "grossPremiumsEarned": 38887,
        "interestExpense": 1157,
        "interestIncomeExpense": -1157,
        "minorityInterest": -4,
        "netIncome": 747,
        "netIncomeAfterTaxes": 3588,
        "nonRecurringItems": -107,
        "otherOperatingExpensesTotal": 4907,
        "otherRevenue": 5483,
        "period": "2016-12-31",
        "pretaxIncome": 4281,
        "provisionforIncomeTaxes": 693,
        "revenue": 60894,
        "sgaExpense": 8777,
        "totalOperatingExpense": 55349,
        "year": 2016
      },
      {
        "benefitsClaimsLossAdjustment": 41256,
        "deferredPolicyAcquisitionExpense": -135,
        "dilutedAverageSharesOutstanding": 1128,
        "dilutedEPS": 4.62,
        "ebit": 6878,
        "grossPremiumsEarned": 38330,
        "interestExpense": 1168,
        "interestIncomeExpense": -1168,
        "minorityInterest": -12,
        "netIncome": 5215,
        "netIncomeAfterTaxes": 4061,
        "nonRecurringItems": -59,
        "otherOperatingExpensesTotal": 4054,
        "otherRevenue": 5570,
        "period": "2015-12-31",
        "pretaxIncome": 5651,
        "provisionforIncomeTaxes": 1590,
        "revenue": 61402,
        "sgaExpense": 9349,
        "totalOperatingExpense": 54524,
        "year": 2015
      }
    ],
    "symbol": "MET"
  }
}