{
  "symbol": "MMM",
  "statement": "ic",
  "frequency": "annual",
  "timestamp": "2025-09-19T14:33:36.198674",
  "data": {
    "financials": [
      {
        "costOfGoodsSold": 14417,
        "dilutedAverageSharesOutstanding": 552.4,
        "dilutedEPS": 7.55,
        "ebit": 5009,
        "equityEarningsAffiliates": 9,
        "grossIncome": 10158,
        "interestExpense": 1191,
        "interestIncomeExpense": 825,
        "minorityInterest": -15,
        "netIncome": 4173,
        "netIncomeAfterTaxes": 4015,
        "nonRecurringItems": -187,
        "period": "2024-12-31",
        "pretaxIncome": 4819,
        "provisionforIncomeTaxes": 804,
        "researchDevelopment": 1070,
        "revenue": 24575,
        "sgaExpense": 4079,
        "totalOperatingExpense": 5149,
        "totalOtherIncomeExpenseNet": -828,
        "year": 2024
      },
      {
        "costOfGoodsSold": 14894,
        "dilutedAverageSharesOutstanding": 553.9,
        "dilutedEPS": -12.62,
        "ebit": 4190,
        "equityEarningsAffiliates": 18,
        "grossIncome": 9716,
        "interestExpense": 941,
        "interestIncomeExpense": -691,
        "minorityInterest": -16,
        "netIncome": -6995,
        "netIncomeAfterTaxes": -8404,
        "nonRecurringItems": -14879,
        "period": "2023-12-31",
        "pretaxIncome": -11271,
        "provisionforIncomeTaxes": -2867,
        "researchDevelopment": 1123,
        "revenue": 24610,
        "sgaExpense": 4403,
        "totalOperatingExpense": 5526,
        "totalOtherIncomeExpenseNet": 109,
        "year": 2023
      },
      {
        "costOfGoodsSold": 19229,
        "dilutedAverageSharesOutstanding": 568,
        "dilutedEPS": 10.18,
        "ebit": 4145,
        "equityEarningsAffiliates": 11,
        "grossIncome": 15000,
        "interestExpense": 462,
        "interestIncomeExpense": -395,
        "minorityInterest": -14,
        "netIncome": 5777,
        "netIncomeAfterTaxes": 5780,
        "nonRecurringItems": 2394,
        "period": "2022-12-31",
        "pretaxIncome": 6392,
        "provisionforIncomeTaxes": 612,
        "researchDevelopment": 1854,
        "revenue": 34229,
        "sgaExpense": 9001,
        "totalOperatingExpense": 10855,
        "totalOtherIncomeExpenseNet": 248,
        "year": 2022
      },
      {
        "costOfGoodsSold": 18776,
        "dilutedAverageSharesOutstanding": 585,
        "dilutedEPS": 10.12,
        "ebit": 7493,
        "equityEarningsAffiliates": 10,
        "grossIncome": 16579,
        "interestExpense": 477,
        "interestIncomeExpense": -451,
        "minorityInterest": -8,
        "netIncome": 5921,
        "netIncomeAfterTaxes": 5919,
        "nonRecurringItems": -135,
        "period": "2021-12-31",
        "pretaxIncome": 7204,
        "provisionforIncomeTaxes": 1285,
        "researchDevelopment": 1977,
        "revenue": 35355,
        "sgaExpense": 7109,
        "totalOperatingExpense": 9086,
        "totalOtherIncomeExpenseNet": 297,
        "year": 2021
      },
      {
        "costOfGoodsSold": 16541,
        "dilutedAverageSharesOutstanding": 582,
        "dilutedEPS": 9.36,
        "ebit": 6967,
        "equityEarningsAffiliates": -5,
        "grossIncome": 15643,
        "interestExpense": 519,
        "interestIncomeExpense": -490,
        "minorityInterest": -4,
        "netIncome": 5449,
        "netIncomeAfterTaxes": 5458,
        "nonRecurringItems": 184,
        "period": "2020-12-31",
        "pretaxIncome": 6795,
        "provisionforIncomeTaxes": 1337,
        "researchDevelopment": 1863,
        "revenue": 32184,
        "sgaExpense": 6813,
        "totalOperatingExpense": 8676,
        "totalOtherIncomeExpenseNet": 134,
        "year": 2020
      },
      {
        "costOfGoodsSold": 17064,
        "dilutedAverageSharesOutstanding": 585,
        "dilutedEPS": 7.72,
        "ebit": 6306,
        "equityEarningsAffiliates": 0,
        "grossIncome": 15072,
        "interestExpense": 448,
        "interestIncomeExpense": -530,
        "minorityInterest": -12,
        "netIncome": 4517,
        "netIncomeAfterTaxes": 4529,
        "nonRecurringItems": -168,
        "period": "2019-12-31",
        "pretaxIncome": 5643,
        "provisionforIncomeTaxes": 1114,
        "researchDevelopment": 1874,
        "revenue": 32136,
        "sgaExpense": 6892,
        "totalOperatingExpense": 8766,
        "totalOtherIncomeExpenseNet": 35,
        "year": 2019
      },
      {
        "costOfGoodsSold": 16657,
        "dilutedAverageSharesOutstanding": 602,
        "dilutedEPS": 8.88,
        "ebit": 6795,
        "grossIncome": 16108,
        "interestExpense": 350,
        "interestIncomeExpense": -278,
        "minorityInterest": -14,
        "netIncome": 5349,
        "netIncomeAfterTaxes": 5539,
        "nonRecurringItems": 410,
        "period": "2018-12-31",
        "pretaxIncome": 7000,
        "provisionforIncomeTaxes": 1461,
        "researchDevelopment": 1816,
        "revenue": 32765,
        "sgaExpense": 7497,
        "totalOperatingExpense": 9313,
        "totalOtherIncomeExpenseNet": 73,
        "year": 2018
      },
      {
        "costOfGoodsSold": 15976,
        "dilutedAverageSharesOutstanding": 613,
        "dilutedEPS": 7.92,
        "ebit": 7198,
        "grossIncome": 15681,
        "interestExpense": 418,
        "interestIncomeExpense": -361,
        "minorityInterest": -11,
        "netIncome": 4858,
        "netIncomeAfterTaxes": 5631,
        "nonRecurringItems": 583,
        "period": "2017-12-31",
        "pretaxIncome": 7548,
        "provisionforIncomeTaxes": 1917,
        "researchDevelopment": 1862,
        "revenue": 31657,
        "sgaExpense": 6621,
        "totalOperatingExpense": 8483,
        "totalOtherIncomeExpenseNet": 128,
        "year": 2017
      },
      {
        "costOfGoodsSold": 15115,
        "dilutedAverageSharesOutstanding": 619,
        "dilutedEPS": 8.16,
        "ebit": 6919,
        "grossIncome": 14994,
        "interestExpense": 199,
        "interestIncomeExpense": -173,
        "minorityInterest": -8,
        "netIncome": 5050,
        "netIncomeAfterTaxes": 5058,
        "nonRecurringItems": 111,
        "period": "2016-12-31",
        "pretaxIncome": 7053,
        "provisionforIncomeTaxes": 1995,
        "researchDevelopment": 1764,
        "revenue": 30109,
        "sgaExpense": 6311,
        "totalOperatingExpense": 8075,
        "totalOtherIncomeExpenseNet": 196,
        "year": 2016
      },
      {
        "costOfGoodsSold": 15341,
        "dilutedAverageSharesOutstanding": 637,
        "dilutedEPS": 7.58,
        "ebit": 7062,
        "grossIncome": 14933,
        "interestExpense": 119,
        "interestIncomeExpense": -125,
        "minorityInterest": -8,
        "netIncome": 4833,
        "netIncomeAfterTaxes": 4841,
        "nonRecurringItems": -114,
        "period": "2015-12-31",
        "pretaxIncome": 6823,
        "provisionforIncomeTaxes": 1982,
        "researchDevelopment": 1751,
        "revenue": 30274,
        "sgaExpense": 6120,
        "totalOperatingExpense": 7871,
        "year": 2015
      }
    ],
    "symbol": "MMM"
  }
}