{
  "symbol": "CRM",
  "statement": "ic",
  "frequency": "annual",
  "timestamp": "2025-09-19T14:06:27.983278",
  "data": {
    "financials": [
      {
        "costOfGoodsSold": 8643,
        "depreciationAmortization": 901,
        "dilutedAverageSharesOutstanding": 974,
        "dilutedEPS": 6.36,
        "ebit": 7666,
        "grossIncome": 29252,
        "interestExpense": 300,
        "interestIncomeExpense": 161,
        "netIncome": 6197,
        "netIncomeAfterTaxes": 6197,
        "nonRecurringItems": -1043,
        "period": "2025-01-31",
        "pretaxIncome": 7438,
        "provisionforIncomeTaxes": 1241,
        "researchDevelopment": 5493,
        "revenue": 37895,
        "sgaExpense": 15192,
        "totalOperatingExpense": 21586,
        "totalOtherIncomeExpenseNet": 654,
        "year": 2025
      },
      {
        "costOfGoodsSold": 8541,
        "depreciationAmortization": 891,
        "dilutedAverageSharesOutstanding": 984,
        "dilutedEPS": 4.2,
        "ebit": 5999,
        "grossIncome": 26316,
        "interestExpense": 29,
        "interestIncomeExpense": 160,
        "netIncome": 4136,
        "netIncomeAfterTaxes": 4136,
        "nonRecurringItems": -1454,
        "period": "2024-01-31",
        "pretaxIncome": 4950,
        "provisionforIncomeTaxes": 814,
        "researchDevelopment": 4906,
        "revenue": 34857,
        "sgaExpense": 14520,
        "totalOperatingExpense": 20317,
        "totalOtherIncomeExpenseNet": 245,
        "year": 2024
      },
      {
        "costOfGoodsSold": 8360,
        "depreciationAmortization": 916,
        "dilutedAverageSharesOutstanding": 997,
        "dilutedEPS": 0.21,
        "ebit": 1858,
        "grossIncome": 22992,
        "interestExpense": 287,
        "interestIncomeExpense": -35,
        "netIncome": 208,
        "netIncomeAfterTaxes": 208,
        "nonRecurringItems": -1319,
        "period": "2023-01-31",
        "pretaxIncome": 660,
        "provisionforIncomeTaxes": 452,
        "researchDevelopment": 5055,
        "revenue": 31352,
        "sgaExpense": 15163,
        "totalOperatingExpense": 21134,
        "totalOtherIncomeExpenseNet": 156,
        "year": 2023
      },
      {
        "costOfGoodsSold": 7026,
        "depreciationAmortization": 727,
        "dilutedAverageSharesOutstanding": 974,
        "dilutedEPS": 1.48,
        "ebit": 602,
        "grossIncome": 19466,
        "interestExpense": 216,
        "interestIncomeExpense": 1046,
        "netIncome": 1444,
        "netIncomeAfterTaxes": 1444,
        "nonRecurringItems": -105,
        "period": "2022-01-31",
        "pretaxIncome": 1532,
        "provisionforIncomeTaxes": 88,
        "researchDevelopment": 4465,
        "revenue": 26492,
        "sgaExpense": 13672,
        "totalOperatingExpense": 18864,
        "totalOtherIncomeExpenseNet": -11,
        "year": 2022
      },
      {
        "costOfGoodsSold": 5438,
        "depreciationAmortization": 459,
        "dilutedAverageSharesOutstanding": 930,
        "dilutedEPS": 4.37,
        "ebit": 455,
        "grossIncome": 15814,
        "interestExpense": 126,
        "interestIncomeExpense": 2106,
        "netIncome": 4072,
        "netIncomeAfterTaxes": 4095,
        "nonRecurringItems": 0,
        "period": "2021-01-31",
        "pretaxIncome": 2561,
        "provisionforIncomeTaxes": -1534,
        "researchDevelopment": 3598,
        "revenue": 21252,
        "sgaExpense": 11302,
        "totalOperatingExpense": 15359,
        "year": 2021
      },
      {
        "costOfGoodsSold": 4235,
        "depreciationAmortization": 352,
        "dilutedAverageSharesOutstanding": 850,
        "dilutedEPS": 0.16,
        "ebit": 463,
        "grossIncome": 12863,
        "interestExpense": 130,
        "interestIncomeExpense": 415,
        "netIncome": 126,
        "netIncomeAfterTaxes": 132,
        "nonRecurringItems": -166,
        "period": "2020-01-31",
        "pretaxIncome": 706,
        "provisionforIncomeTaxes": 574,
        "researchDevelopment": 2766,
        "revenue": 17098,
        "sgaExpense": 9282,
        "totalOperatingExpense": 12400,
        "totalOtherIncomeExpenseNet": -6,
        "year": 2020
      },
      {
        "costOfGoodsSold": 3451,
        "depreciationAmortization": 232,
        "dilutedAverageSharesOutstanding": 775,
        "dilutedEPS": 1.43,
        "ebit": 562,
        "grossIncome": 9831,
        "interestExpense": 154,
        "interestIncomeExpense": 479,
        "netIncome": 1110,
        "netIncomeAfterTaxes": 1153,
        "nonRecurringItems": -27,
        "period": "2019-01-31",
        "pretaxIncome": 983,
        "provisionforIncomeTaxes": -170,
        "researchDevelopment": 1886,
        "revenue": 13282,
        "sgaExpense": 7151,
        "totalOperatingExpense": 9269,
        "totalOtherIncomeExpenseNet": -31,
        "year": 2019
      },
      {
        "costOfGoodsSold": 2773,
        "depreciationAmortization": 121,
        "dilutedAverageSharesOutstanding": 735,
        "dilutedEPS": 0.48,
        "ebit": 454,
        "grossIncome": 7767,
        "interestExpense": 87,
        "interestIncomeExpense": -17,
        "netIncome": 360,
        "netIncomeAfterTaxes": 486,
        "period": "2018-01-31",
        "pretaxIncome": 420,
        "provisionforIncomeTaxes": -66,
        "researchDevelopment": 1553,
        "revenue": 10540,
        "sgaExpense": 5639,
        "totalOperatingExpense": 7313,
        "totalOtherIncomeExpenseNet": -17,
        "year": 2018
      },
      {
        "costOfGoodsSold": 2234,
        "depreciationAmortization": 98,
        "dilutedAverageSharesOutstanding": 700,
        "dilutedEPS": 0.46,
        "ebit": 218,
        "grossIncome": 6203,
        "interestExpense": 89,
        "interestIncomeExpense": -117,
        "netIncome": 323,
        "netIncomeAfterTaxes": 323,
        "period": "2017-01-31",
        "pretaxIncome": 179,
        "provisionforIncomeTaxes": -144,
        "researchDevelopment": 1208,
        "revenue": 8437,
        "sgaExpense": 4679,
        "totalOperatingExpense": 5985,
        "totalOtherIncomeExpenseNet": 78,
        "year": 2017
      },
      {
        "costOfGoodsSold": 1654.548,
        "depreciationAmortization": 80.788,
        "dilutedAverageSharesOutstanding": 661.647,
        "dilutedEPS": -0.07,
        "ebit": 111.287,
        "gainLossOnDispositionOfAssets": 21.792,
        "grossIncome": 5012.668,
        "interestExpense": 72.485,
        "interestIncomeExpense": -82.93,
        "netIncome": -47.426,
        "netIncomeAfterTaxes": -47.426,
        "otherOperatingExpensesTotal": -36.617,
        "period": "2016-01-31",
        "pretaxIncome": 64.279,
        "provisionforIncomeTaxes": 111.705,
        "researchDevelopment": 946.3,
        "revenue": 6667.216,
        "sgaExpense": 3910.91,
        "totalOperatingExpense": 4901.381,
        "totalOtherIncomeExpenseNet": 14.13,
        "year": 2016
      }
    ],
    "symbol": "CRM"
  }
}