{
  "symbol": "CI",
  "statement": "ic",
  "frequency": "annual",
  "timestamp": "2025-09-19T13:57:54.773557",
  "data": {
    "financials": [
      {
        "costOfGoodsSold": 221157,
        "depreciationAmortization": 1703,
        "dilutedAverageSharesOutstanding": 283.218,
        "dilutedEPS": 12.1249,
        "ebit": 9692,
        "grossIncome": 25964,
        "interestExpense": 1435,
        "interestIncomeExpense": -3990,
        "minorityInterest": -344,
        "netIncome": 3434,
        "netIncomeAfterTaxes": 3778,
        "nonRecurringItems": -433,
        "period": "2024-12-31",
        "pretaxIncome": 5269,
        "provisionforIncomeTaxes": 1491,
        "revenue": 247121,
        "sgaExpense": 14569,
        "totalOperatingExpense": 16272,
        "year": 2024
      },
      {
        "costOfGoodsSold": 170088,
        "depreciationAmortization": 1819,
        "dilutedAverageSharesOutstanding": 296.882,
        "dilutedEPS": 17.3941,
        "ebit": 9034,
        "grossIncome": 25177,
        "interestExpense": 1446,
        "interestIncomeExpense": -1524,
        "minorityInterest": -208,
        "netIncome": 5164,
        "netIncomeAfterTaxes": 5372,
        "nonRecurringItems": -1997,
        "period": "2023-12-31",
        "pretaxIncome": 5513,
        "provisionforIncomeTaxes": 141,
        "revenue": 195265,
        "sgaExpense": 14324,
        "totalOperatingExpense": 16143,
        "year": 2023
      },
      {
        "costOfGoodsSold": 157040,
        "depreciationAmortization": 1876,
        "dilutedAverageSharesOutstanding": 313,
        "dilutedEPS": 21.3,
        "ebit": 8543,
        "grossIncome": 23476,
        "interestExpense": 1228,
        "interestIncomeExpense": -1723,
        "minorityInterest": -78,
        "netIncome": 6668,
        "netIncomeAfterTaxes": 6746,
        "nonRecurringItems": 1533,
        "otherOperatingExpensesTotal": 319,
        "period": "2022-12-31",
        "pretaxIncome": 8353,
        "provisionforIncomeTaxes": 1607,
        "revenue": 180516,
        "sgaExpense": 12738,
        "totalOperatingExpense": 14933,
        "year": 2022
      },
      {
        "costOfGoodsSold": 151115,
        "depreciationAmortization": 1998,
        "dilutedAverageSharesOutstanding": 341,
        "dilutedEPS": 15.73,
        "ebit": 8245,
        "grossIncome": 22963,
        "interestExpense": 1208,
        "interestIncomeExpense": -1012,
        "minorityInterest": -50,
        "netIncome": 5365,
        "netIncomeAfterTaxes": 5415,
        "nonRecurringItems": -451,
        "otherOperatingExpensesTotal": 478,
        "period": "2021-12-31",
        "pretaxIncome": 6782,
        "provisionforIncomeTaxes": 1367,
        "revenue": 174078,
        "sgaExpense": 12242,
        "totalOperatingExpense": 14718,
        "year": 2021
      },
      {
        "costOfGoodsSold": 136194,
        "depreciationAmortization": 1982,
        "dilutedAverageSharesOutstanding": 368,
        "dilutedEPS": 22.98,
        "ebit": 8431,
        "grossIncome": 24003,
        "interestExpense": 1438,
        "interestIncomeExpense": -1289,
        "minorityInterest": -31,
        "netIncome": 8458,
        "netIncomeAfterTaxes": 8489,
        "nonRecurringItems": 3726,
        "otherOperatingExpensesTotal": 502,
        "period": "2020-12-31",
        "pretaxIncome": 10868,
        "provisionforIncomeTaxes": 2379,
        "revenue": 160197,
        "sgaExpense": 13088,
        "totalOperatingExpense": 15572,
        "year": 2020
      },
      {
        "costOfGoodsSold": 128487,
        "depreciationAmortization": 2949,
        "dilutedAverageSharesOutstanding": 380,
        "dilutedEPS": 13.44,
        "ebit": 8887,
        "grossIncome": 25079,
        "interestExpense": 1682,
        "interestIncomeExpense": -1505,
        "minorityInterest": -16,
        "netIncome": 5104,
        "netIncomeAfterTaxes": 5120,
        "nonRecurringItems": -812,
        "otherOperatingExpensesTotal": 483,
        "period": "2019-12-31",
        "pretaxIncome": 6570,
        "provisionforIncomeTaxes": 1450,
        "revenue": 153566,
        "sgaExpense": 12760,
        "totalOperatingExpense": 16192,
        "year": 2019
      },
      {
        "costOfGoodsSold": 32321,
        "depreciationAmortization": 235,
        "dilutedAverageSharesOutstanding": 250,
        "dilutedEPS": 10.54,
        "ebit": 4729,
        "grossIncome": 16125,
        "interestExpense": 271,
        "interestIncomeExpense": -271,
        "minorityInterest": -9,
        "netIncome": 2637,
        "netIncomeAfterTaxes": 2642,
        "nonRecurringItems": -877,
        "otherOperatingExpensesTotal": 406,
        "period": "2018-12-31",
        "pretaxIncome": 3581,
        "provisionforIncomeTaxes": 939,
        "revenue": 48446,
        "sgaExpense": 10755,
        "totalOperatingExpense": 11396,
        "year": 2018
      },
      {
        "costOfGoodsSold": 27719,
        "depreciationAmortization": 115,
        "dilutedAverageSharesOutstanding": 255,
        "dilutedEPS": 8.77,
        "ebit": 4305,
        "grossIncome": 14324,
        "interestExpense": 252,
        "interestIncomeExpense": -252,
        "minorityInterest": 5,
        "netIncome": 2237,
        "netIncomeAfterTaxes": 2464,
        "nonRecurringItems": -447,
        "period": "2017-12-31",
        "pretaxIncome": 3606,
        "provisionforIncomeTaxes": 1142,
        "revenue": 42043,
        "sgaExpense": 9904,
        "totalOperatingExpense": 10019,
        "year": 2017
      },
      {
        "costOfGoodsSold": 26954,
        "depreciationAmortization": 151,
        "dilutedAverageSharesOutstanding": 260,
        "dilutedEPS": 7.19,
        "ebit": 3014,
        "grossIncome": 12749,
        "minorityInterest": 24,
        "netIncome": 1867,
        "netIncomeAfterTaxes": 1843,
        "nonRecurringItems": -35,
        "otherOperatingExpensesTotal": 9584,
        "period": "2016-12-31",
        "pretaxIncome": 2979,
        "provisionforIncomeTaxes": 1136,
        "revenue": 39703,
        "totalOperatingExpense": 9735,
        "year": 2016
      },
      {
        "costOfGoodsSold": 25424,
        "depreciationAmortization": 143,
        "dilutedAverageSharesOutstanding": 261,
        "dilutedEPS": 8.04,
        "ebit": 3439,
        "grossIncome": 12564,
        "minorityInterest": 17,
        "netIncome": 2094,
        "netIncomeAfterTaxes": 2077,
        "nonRecurringItems": -112,
        "otherOperatingExpensesTotal": 8982,
        "period": "2015-12-31",
        "pretaxIncome": 3327,
        "provisionforIncomeTaxes": 1250,
        "revenue": 37988,
        "totalOperatingExpense": 9125,
        "year": 2015
      }
    ],
    "symbol": "CI"
  }
}