{
  "symbol": "ETN",
  "statement": "ic",
  "frequency": "annual",
  "timestamp": "2025-09-19T13:59:32.386738",
  "data": {
    "financials": [
      {
        "costOfGoodsSold": 15375,
        "dilutedAverageSharesOutstanding": 399.4,
        "dilutedEPS": 9.4993,
        "ebit": 4696,
        "grossIncome": 9503,
        "interestIncomeExpense": -130,
        "minorityInterest": -4,
        "netIncome": 3794,
        "netIncomeAfterTaxes": 3798,
        "nonRecurringItems": 0,
        "otherOperatingExpensesTotal": -64,
        "period": "2024-12-31",
        "pretaxIncome": 4566,
        "provisionforIncomeTaxes": 768,
        "researchDevelopment": 794,
        "revenue": 24878,
        "sgaExpense": 4077,
        "totalOperatingExpense": 4807,
        "year": 2024
      },
      {
        "costOfGoodsSold": 14762,
        "dilutedAverageSharesOutstanding": 401.1,
        "dilutedEPS": 8.0229,
        "ebit": 3978,
        "grossIncome": 8434,
        "interestIncomeExpense": -151,
        "minorityInterest": -5,
        "netIncome": 3218,
        "netIncomeAfterTaxes": 3223,
        "nonRecurringItems": 0,
        "otherOperatingExpensesTotal": -93,
        "period": "2023-12-31",
        "pretaxIncome": 3827,
        "provisionforIncomeTaxes": 604,
        "researchDevelopment": 754,
        "revenue": 23196,
        "sgaExpense": 3795,
        "totalOperatingExpense": 4456,
        "year": 2023
      },
      {
        "costOfGoodsSold": 13865,
        "dilutedAverageSharesOutstanding": 400.8,
        "dilutedEPS": 6.1427,
        "ebit": 3031,
        "grossIncome": 6887,
        "interestIncomeExpense": -144,
        "minorityInterest": -4,
        "netIncome": 2462,
        "netIncomeAfterTaxes": 2466,
        "nonRecurringItems": 24,
        "otherOperatingExpensesTotal": -36,
        "period": "2022-12-31",
        "pretaxIncome": 2911,
        "provisionforIncomeTaxes": 445,
        "researchDevelopment": 665,
        "revenue": 20752,
        "sgaExpense": 3227,
        "totalOperatingExpense": 3856,
        "year": 2022
      },
      {
        "costOfGoodsSold": 13293,
        "dilutedAverageSharesOutstanding": 401.6,
        "dilutedEPS": 5.3387,
        "ebit": 2423,
        "grossIncome": 6335,
        "interestIncomeExpense": -144,
        "minorityInterest": -2,
        "netIncome": 2144,
        "netIncomeAfterTaxes": 2146,
        "nonRecurringItems": 617,
        "otherOperatingExpensesTotal": 40,
        "period": "2021-12-31",
        "pretaxIncome": 2896,
        "provisionforIncomeTaxes": 750,
        "researchDevelopment": 616,
        "revenue": 19628,
        "sgaExpense": 3256,
        "totalOperatingExpense": 3912,
        "year": 2021
      },
      {
        "costOfGoodsSold": 12408,
        "dilutedAverageSharesOutstanding": 404,
        "dilutedEPS": 3.49,
        "ebit": 1674,
        "grossIncome": 5450,
        "interestIncomeExpense": -149,
        "minorityInterest": -5,
        "netIncome": 1410,
        "netIncomeAfterTaxes": 1415,
        "nonRecurringItems": 221,
        "otherOperatingExpensesTotal": 150,
        "period": "2020-12-31",
        "pretaxIncome": 1746,
        "provisionforIncomeTaxes": 331,
        "researchDevelopment": 551,
        "revenue": 17858,
        "sgaExpense": 3075,
        "totalOperatingExpense": 3776,
        "year": 2020
      },
      {
        "costOfGoodsSold": 14338,
        "dilutedAverageSharesOutstanding": 421,
        "dilutedEPS": 5.25,
        "ebit": 2827,
        "grossIncome": 7052,
        "interestIncomeExpense": -236,
        "minorityInterest": -2,
        "netIncome": 2211,
        "netIncomeAfterTaxes": 2213,
        "nonRecurringItems": 0,
        "otherOperatingExpensesTotal": 36,
        "period": "2019-12-31",
        "pretaxIncome": 2591,
        "provisionforIncomeTaxes": 378,
        "researchDevelopment": 606,
        "revenue": 21390,
        "sgaExpense": 3583,
        "totalOperatingExpense": 4225,
        "year": 2019
      },
      {
        "costOfGoodsSold": 14512,
        "dilutedAverageSharesOutstanding": 437,
        "dilutedEPS": 4.91,
        "ebit": 2969,
        "grossIncome": 7097,
        "interestIncomeExpense": -270,
        "minorityInterest": -1,
        "netIncome": 2145,
        "netIncomeAfterTaxes": 2146,
        "nonRecurringItems": -275,
        "otherOperatingExpensesTotal": -4,
        "period": "2018-12-31",
        "pretaxIncome": 2424,
        "provisionforIncomeTaxes": 278,
        "researchDevelopment": 584,
        "revenue": 21609,
        "sgaExpense": 3548,
        "totalOperatingExpense": 4128,
        "year": 2018
      },
      {
        "costOfGoodsSold": 13758,
        "dilutedAverageSharesOutstanding": 447,
        "dilutedEPS": 6.67,
        "ebit": 2539,
        "grossIncome": 6646,
        "interestIncomeExpense": -244,
        "minorityInterest": -1,
        "netIncome": 2985,
        "netIncomeAfterTaxes": 2924,
        "nonRecurringItems": 1073,
        "otherOperatingExpensesTotal": -38,
        "period": "2017-12-31",
        "pretaxIncome": 3368,
        "provisionforIncomeTaxes": 444,
        "researchDevelopment": 584,
        "revenue": 20404,
        "sgaExpense": 3561,
        "totalOperatingExpense": 4107,
        "totalOtherIncomeExpenseNet": 0,
        "year": 2017
      },
      {
        "costOfGoodsSold": 13416,
        "dilutedAverageSharesOutstanding": 457,
        "dilutedEPS": 4.2,
        "ebit": 2344,
        "grossIncome": 6331,
        "interestIncomeExpense": -226,
        "minorityInterest": -3,
        "netIncome": 1916,
        "netIncomeAfterTaxes": 1919,
        "nonRecurringItems": 0,
        "otherOperatingExpensesTotal": -107,
        "period": "2016-12-31",
        "pretaxIncome": 2118,
        "provisionforIncomeTaxes": 199,
        "researchDevelopment": 589,
        "revenue": 19747,
        "sgaExpense": 3505,
        "totalOperatingExpense": 3987,
        "year": 2016
      },
      {
        "costOfGoodsSold": 14304,
        "dilutedAverageSharesOutstanding": 467,
        "dilutedEPS": 4.22,
        "ebit": 2365,
        "grossIncome": 6551,
        "interestIncomeExpense": -232,
        "minorityInterest": -2,
        "netIncome": 1972,
        "netIncomeAfterTaxes": 1974,
        "nonRecurringItems": 0,
        "otherOperatingExpensesTotal": -35,
        "period": "2015-12-31",
        "pretaxIncome": 2133,
        "provisionforIncomeTaxes": 159,
        "researchDevelopment": 625,
        "revenue": 20855,
        "sgaExpense": 3596,
        "totalOperatingExpense": 4186,
        "year": 2015
      }
    ],
    "symbol": "ETN"
  }
}