{
  "symbol": "LMT",
  "statement": "ic",
  "frequency": "annual",
  "timestamp": "2025-09-19T14:03:18.477544",
  "data": {
    "financials": [
      {
        "costOfGoodsSold": 64026,
        "dilutedAverageSharesOutstanding": 239.2,
        "dilutedEPS": 22.31,
        "ebit": 7044,
        "grossIncome": 7017,
        "interestExpense": 1036,
        "interestIncomeExpense": -958,
        "netIncome": 5336,
        "netIncomeAfterTaxes": 5336,
        "nonRecurringItems": -87,
        "otherOperatingExpensesTotal": -27,
        "period": "2024-12-31",
        "pretaxIncome": 6220,
        "provisionforIncomeTaxes": 884,
        "revenue": 71043,
        "totalOperatingExpense": -27,
        "totalOtherIncomeExpenseNet": 221,
        "year": 2024
      },
      {
        "costOfGoodsSold": 59000,
        "dilutedAverageSharesOutstanding": 251.2,
        "dilutedEPS": 27.55,
        "ebit": 8559,
        "grossIncome": 8571,
        "interestExpense": 916,
        "interestIncomeExpense": -940,
        "netIncome": 6920,
        "netIncomeAfterTaxes": 6920,
        "nonRecurringItems": -92,
        "otherOperatingExpensesTotal": 12,
        "period": "2023-12-31",
        "pretaxIncome": 8098,
        "provisionforIncomeTaxes": 1178,
        "revenue": 67571,
        "totalOperatingExpense": 12,
        "totalOtherIncomeExpenseNet": 571,
        "year": 2023
      },
      {
        "costOfGoodsSold": 57597,
        "dilutedAverageSharesOutstanding": 264.6,
        "dilutedEPS": 21.66,
        "ebit": 8334,
        "grossIncome": 8387,
        "interestExpense": 623,
        "interestIncomeExpense": -623,
        "netIncome": 5732,
        "netIncomeAfterTaxes": 5732,
        "nonRecurringItems": -1634,
        "otherOperatingExpensesTotal": 53,
        "period": "2022-12-31",
        "pretaxIncome": 6680,
        "provisionforIncomeTaxes": 948,
        "revenue": 65984,
        "totalOperatingExpense": 53,
        "totalOtherIncomeExpenseNet": 603,
        "year": 2022
      },
      {
        "costOfGoodsSold": 57947,
        "dilutedAverageSharesOutstanding": 277.4,
        "dilutedEPS": 22.76,
        "ebit": 9062,
        "grossIncome": 9097,
        "interestExpense": 569,
        "interestIncomeExpense": -207,
        "netIncome": 6315,
        "netIncomeAfterTaxes": 6315,
        "nonRecurringItems": -1736,
        "otherOperatingExpensesTotal": 35,
        "period": "2021-12-31",
        "pretaxIncome": 7550,
        "provisionforIncomeTaxes": 1235,
        "revenue": 67044,
        "totalOperatingExpense": 35,
        "totalOtherIncomeExpenseNet": 431,
        "year": 2021
      },
      {
        "costOfGoodsSold": 56717,
        "dilutedAverageSharesOutstanding": 281.2,
        "dilutedEPS": 24.29,
        "ebit": 8671,
        "grossIncome": 8681,
        "interestExpense": 591,
        "interestIncomeExpense": -591,
        "netIncome": 6833,
        "netIncomeAfterTaxes": 6888,
        "nonRecurringItems": -27,
        "otherOperatingExpensesTotal": 10,
        "period": "2020-12-31",
        "pretaxIncome": 8235,
        "provisionforIncomeTaxes": 1347,
        "revenue": 65398,
        "totalOperatingExpense": 10,
        "totalOtherIncomeExpenseNet": 182,
        "year": 2020
      },
      {
        "costOfGoodsSold": 51445,
        "dilutedAverageSharesOutstanding": 283.8,
        "dilutedEPS": 21.95,
        "ebit": 8460,
        "grossIncome": 8367,
        "interestExpense": 653,
        "interestIncomeExpense": -653,
        "netIncome": 6230,
        "netIncomeAfterTaxes": 6230,
        "nonRecurringItems": 85,
        "otherOperatingExpensesTotal": -93,
        "period": "2019-12-31",
        "pretaxIncome": 7241,
        "provisionforIncomeTaxes": 1011,
        "revenue": 59812,
        "totalOperatingExpense": -93,
        "totalOtherIncomeExpenseNet": -651,
        "year": 2019
      },
      {
        "costOfGoodsSold": 46325,
        "dilutedAverageSharesOutstanding": 286.8,
        "dilutedEPS": 17.59,
        "ebit": 7378,
        "grossIncome": 7437,
        "interestExpense": 668,
        "interestIncomeExpense": -616,
        "netIncome": 5046,
        "netIncomeAfterTaxes": 5003,
        "nonRecurringItems": -96,
        "otherOperatingExpensesTotal": 59,
        "period": "2018-12-31",
        "pretaxIncome": 5838,
        "provisionforIncomeTaxes": 835,
        "revenue": 53762,
        "totalOperatingExpense": 59,
        "totalOtherIncomeExpenseNet": -828,
        "year": 2018
      },
      {
        "costOfGoodsSold": 43739,
        "dilutedAverageSharesOutstanding": 290.6,
        "dilutedEPS": 6.75,
        "ebit": 6387,
        "grossIncome": 6221,
        "interestExpense": 651,
        "interestIncomeExpense": -294,
        "netIncome": 1963,
        "netIncomeAfterTaxes": 3776,
        "nonRecurringItems": 0,
        "otherOperatingExpensesTotal": -166,
        "period": "2017-12-31",
        "pretaxIncome": 5246,
        "provisionforIncomeTaxes": 1470,
        "revenue": 49960,
        "totalOperatingExpense": -166,
        "totalOtherIncomeExpenseNet": -847,
        "year": 2017
      },
      {
        "costOfGoodsSold": 41875,
        "dilutedAverageSharesOutstanding": 303.1,
        "dilutedEPS": 17.06,
        "ebit": 5459,
        "grossIncome": 5415,
        "interestExpense": 663,
        "interestIncomeExpense": -154,
        "netIncome": 5173,
        "netIncomeAfterTaxes": 3661,
        "nonRecurringItems": -80,
        "otherOperatingExpensesTotal": -44,
        "period": "2016-12-31",
        "pretaxIncome": 4754,
        "provisionforIncomeTaxes": 1093,
        "revenue": 47290,
        "totalOperatingExpense": -44,
        "totalOtherIncomeExpenseNet": -471,
        "year": 2016
      },
      {
        "costOfGoodsSold": 35951,
        "dilutedAverageSharesOutstanding": 314.7,
        "dilutedEPS": 11.45,
        "ebit": 4485,
        "grossIncome": 4585,
        "interestExpense": 443,
        "interestIncomeExpense": -134,
        "netIncome": 3605,
        "netIncomeAfterTaxes": 3126,
        "nonRecurringItems": -82,
        "otherOperatingExpensesTotal": 100,
        "period": "2015-12-31",
        "pretaxIncome": 4299,
        "provisionforIncomeTaxes": 1173,
        "revenue": 40536,
        "totalOperatingExpense": 100,
        "totalOtherIncomeExpenseNet": 30,
        "year": 2015
      }
    ],
    "symbol": "LMT"
  }
}