{
  "symbol": "GPN",
  "statement": "ic",
  "frequency": "annual",
  "timestamp": "2025-09-19T14:01:10.490577",
  "data": {
    "financials": [
      {
        "costOfGoodsSold": 3750.816,
        "dilutedAverageSharesOutstanding": 254.845,
        "dilutedEPS": 6.162,
        "ebit": 2340.771,
        "equityEarningsAffiliates": 70.499,
        "grossIncome": 6355.078,
        "interestExpense": 619.5,
        "interestIncomeExpense": -450.332,
        "minorityInterest": -73.788,
        "netIncome": 1570.365,
        "netIncomeAfterTaxes": 1573.654,
        "nonRecurringItems": -7.166,
        "period": "2024-12-31",
        "pretaxIncome": 1868.787,
        "provisionforIncomeTaxes": 295.133,
        "revenue": 10105.894,
        "sgaExpense": 4014.307,
        "totalOperatingExpense": 4014.307,
        "totalOtherIncomeExpenseNet": -14.486,
        "year": 2024
      },
      {
        "costOfGoodsSold": 3707.521,
        "dilutedAverageSharesOutstanding": 261.698,
        "dilutedEPS": 3.7686,
        "ebit": 2194.53,
        "equityEarningsAffiliates": 67.896,
        "grossIncome": 5946.898,
        "interestExpense": 629.8,
        "interestIncomeExpense": -516.089,
        "minorityInterest": -42.59,
        "netIncome": 986.233,
        "netIncomeAfterTaxes": 960.927,
        "nonRecurringItems": -478.144,
        "period": "2023-12-31",
        "pretaxIncome": 1169.947,
        "provisionforIncomeTaxes": 209.02,
        "revenue": 9654.419,
        "sgaExpense": 3752.368,
        "totalOperatingExpense": 3752.368,
        "totalOtherIncomeExpenseNet": -30.35,
        "year": 2023
      },
      {
        "costOfGoodsSold": 3746.5,
        "dilutedAverageSharesOutstanding": 275.6,
        "dilutedEPS": 0.4,
        "ebit": 1930.4,
        "equityEarningsAffiliates": 85.7,
        "grossIncome": 5229,
        "interestExpense": 437,
        "interestIncomeExpense": -403.4,
        "minorityInterest": -31.8,
        "netIncome": 111.5,
        "netIncomeAfterTaxes": 57.6,
        "nonRecurringItems": -1290.2,
        "period": "2022-12-31",
        "pretaxIncome": 224.3,
        "provisionforIncomeTaxes": 166.7,
        "revenue": 8975.5,
        "sgaExpense": 3298.7,
        "totalOperatingExpense": 3298.7,
        "totalOtherIncomeExpenseNet": -12.4,
        "year": 2022
      },
      {
        "costOfGoodsSold": 3735.5,
        "dilutedAverageSharesOutstanding": 293.7,
        "dilutedEPS": 3.29,
        "ebit": 1699.1,
        "equityEarningsAffiliates": 112.4,
        "grossIncome": 4788.2,
        "interestExpense": 328,
        "interestIncomeExpense": -308.7,
        "minorityInterest": -22.4,
        "netIncome": 965.5,
        "netIncomeAfterTaxes": 875.5,
        "nonRecurringItems": -340.2,
        "period": "2021-12-31",
        "pretaxIncome": 1044.5,
        "provisionforIncomeTaxes": 169,
        "revenue": 8523.8,
        "sgaExpense": 3089.2,
        "totalOperatingExpense": 3089.2,
        "totalOtherIncomeExpenseNet": -5.7,
        "year": 2021
      },
      {
        "costOfGoodsSold": 3612.1,
        "dilutedAverageSharesOutstanding": 300.5,
        "dilutedEPS": 1.95,
        "ebit": 1213.5,
        "equityEarningsAffiliates": 88.3,
        "grossIncome": 3811.4,
        "interestExpense": 326.8,
        "interestIncomeExpense": -283.2,
        "minorityInterest": -20.6,
        "netIncome": 584.5,
        "netIncomeAfterTaxes": 516.8,
        "nonRecurringItems": -319.5,
        "period": "2020-12-31",
        "pretaxIncome": 594,
        "provisionforIncomeTaxes": 77.2,
        "revenue": 7423.6,
        "sgaExpense": 2598,
        "totalOperatingExpense": 2598,
        "totalOtherIncomeExpenseNet": -16.7,
        "year": 2020
      },
      {
        "costOfGoodsSold": 2017.1,
        "dilutedAverageSharesOutstanding": 199.1,
        "dilutedEPS": 2.16,
        "ebit": 1047,
        "equityEarningsAffiliates": 13.5,
        "grossIncome": 2894.8,
        "interestExpense": 301.2,
        "interestIncomeExpense": -269.8,
        "minorityInterest": -38.7,
        "netIncome": 430.6,
        "netIncomeAfterTaxes": 455.7,
        "nonRecurringItems": -255.6,
        "period": "2019-12-31",
        "pretaxIncome": 517.9,
        "provisionforIncomeTaxes": 62.2,
        "revenue": 4911.9,
        "sgaExpense": 1847.8,
        "totalOperatingExpense": 1847.8,
        "totalOtherIncomeExpenseNet": -3.7,
        "year": 2019
      },
      {
        "costOfGoodsSold": 1095,
        "dilutedAverageSharesOutstanding": 159.3,
        "dilutedEPS": 2.83,
        "ebit": 793.2,
        "grossIncome": 2271.4,
        "interestExpense": 195.5,
        "interestIncomeExpense": -179.6,
        "minorityInterest": -32.6,
        "netIncome": 452.1,
        "netIncomeAfterTaxes": 461.4,
        "nonRecurringItems": -56.1,
        "period": "2018-12-31",
        "pretaxIncome": 562.2,
        "provisionforIncomeTaxes": 100.8,
        "revenue": 3366.4,
        "sgaExpense": 1478.2,
        "totalOperatingExpense": 1478.2,
        "totalOtherIncomeExpenseNet": 4.7,
        "year": 2018
      },
      {
        "costOfGoodsSold": 1928,
        "dilutedAverageSharesOutstanding": 155.5,
        "dilutedEPS": 3.01,
        "ebit": 558.9,
        "grossIncome": 2047.1,
        "interestExpense": 174.847,
        "interestIncomeExpense": -166.2,
        "minorityInterest": -25.6,
        "netIncome": 468.4,
        "netIncomeAfterTaxes": 335.4,
        "period": "2017-12-31",
        "pretaxIncome": 392.7,
        "provisionforIncomeTaxes": 57.3,
        "revenue": 3975.2,
        "sgaExpense": 1488.3,
        "totalOperatingExpense": 1488.3,
        "year": 2017
      },
      {
        "costOfGoodsSold": 1147.6,
        "dilutedAverageSharesOutstanding": 133.2,
        "dilutedEPS": 2.04,
        "ebit": 424.9,
        "grossIncome": 1750.5,
        "interestIncomeExpense": -64,
        "minorityInterest": -18.6,
        "netIncome": 271.7,
        "netIncomeAfterTaxes": 290.2,
        "period": "2016-05-31",
        "pretaxIncome": 360.9,
        "provisionforIncomeTaxes": 70.7,
        "revenue": 2898.2,
        "sgaExpense": 1325.6,
        "totalOperatingExpense": 1325.6,
        "year": 2016
      },
      {
        "costOfGoodsSold": 1022.1,
        "dilutedAverageSharesOutstanding": 134.9,
        "dilutedEPS": 2.06,
        "ebit": 456.6,
        "grossIncome": 1751.6,
        "interestExpense": 44.436,
        "interestIncomeExpense": -39.5,
        "minorityInterest": -31.1,
        "netIncome": 278,
        "netIncomeAfterTaxes": 309.1,
        "otherOperatingExpensesTotal": 0,
        "period": "2015-05-31",
        "pretaxIncome": 417.1,
        "provisionforIncomeTaxes": 108,
        "revenue": 2773.7,
        "sgaExpense": 1295,
        "totalOperatingExpense": 1295,
        "year": 2015
      }
    ],
    "symbol": "GPN"
  }
}