{
  "symbol": "CBOE",
  "statement": "ic",
  "frequency": "quarterly",
  "timestamp": "2025-09-19T13:57:32.195521",
  "data": {
    "financials": [
      {
        "costOfGoodsSold": 586.2,
        "depreciationAmortization": 29.9,
        "dilutedAverageSharesOutstanding": 105,
        "dilutedEPS": 2.2276,
        "ebit": 356.2,
        "grossIncome": 587.3,
        "interestExpense": 12.9,
        "interestIncomeExpense": -2.7,
        "netIncome": 233.9,
        "netIncomeAfterTaxes": 235.1,
        "nonRecurringItems": -17.1,
        "otherOperatingExpensesTotal": 6.6,
        "period": "2025-06-30",
        "pretaxIncome": 334.6,
        "provisionforIncomeTaxes": 99.5,
        "revenue": 1173.5,
        "sgaExpense": 194.6,
        "totalOperatingExpense": 231.1,
        "totalOtherIncomeExpenseNet": -1.8
      },
      {
        "costOfGoodsSold": 629.8,
        "depreciationAmortization": 30.3,
        "dilutedAverageSharesOutstanding": 105.1,
        "dilutedEPS": 2.373,
        "ebit": 354.1,
        "grossIncome": 565.2,
        "interestExpense": 12.8,
        "interestIncomeExpense": -7.7,
        "netIncome": 249.4,
        "netIncomeAfterTaxes": 250.6,
        "nonRecurringItems": -0.2,
        "otherOperatingExpensesTotal": 5.6,
        "period": "2025-03-31",
        "pretaxIncome": 350.2,
        "provisionforIncomeTaxes": 99.6,
        "revenue": 1195,
        "sgaExpense": 175.2,
        "totalOperatingExpense": 211.1,
        "totalOtherIncomeExpenseNet": 4
      },
      {
        "costOfGoodsSold": 583.1,
        "depreciationAmortization": 32.1,
        "dilutedAverageSharesOutstanding": 105.2,
        "dilutedEPS": 1.8593,
        "ebit": 298.6,
        "grossIncome": 524.5,
        "interestExpense": 12.9,
        "interestIncomeExpense": -5.6,
        "netIncome": 195.6,
        "netIncomeAfterTaxes": 196.5,
        "nonRecurringItems": -10.6,
        "otherOperatingExpensesTotal": 5.3,
        "period": "2024-12-31",
        "pretaxIncome": 279.7,
        "provisionforIncomeTaxes": 83.2,
        "revenue": 1107.6,
        "sgaExpense": 188.5,
        "totalOperatingExpense": 225.9,
        "totalOtherIncomeExpenseNet": -2.7
      },
      {
        "costOfGoodsSold": 523.7,
        "depreciationAmortization": 31.8,
        "dilutedAverageSharesOutstanding": 105.1,
        "dilutedEPS": 2.0685,
        "ebit": 307.4,
        "grossIncome": 532,
        "interestExpense": 12.8,
        "interestIncomeExpense": 2.6,
        "netIncome": 217.4,
        "netIncomeAfterTaxes": 218.5,
        "nonRecurringItems": -1.2,
        "otherOperatingExpensesTotal": 7.8,
        "period": "2024-09-30",
        "pretaxIncome": 309,
        "provisionforIncomeTaxes": 90.5,
        "revenue": 1055.7,
        "sgaExpense": 185,
        "totalOperatingExpense": 224.6,
        "totalOtherIncomeExpenseNet": 0.2
      },
      {
        "costOfGoodsSold": 460.2,
        "depreciationAmortization": 31.8,
        "dilutedAverageSharesOutstanding": 105.4,
        "dilutedEPS": 1.3254,
        "ebit": 291.7,
        "grossIncome": 513.8,
        "interestExpense": 12.8,
        "interestIncomeExpense": 6,
        "netIncome": 139.7,
        "netIncomeAfterTaxes": 140.4,
        "nonRecurringItems": -97.6,
        "otherOperatingExpensesTotal": 8.4,
        "period": "2024-06-30",
        "pretaxIncome": 203,
        "provisionforIncomeTaxes": 62.6,
        "revenue": 974,
        "sgaExpense": 181.9,
        "totalOperatingExpense": 222.1,
        "totalOtherIncomeExpenseNet": 2.9
      },
      {
        "costOfGoodsSold": 455.1,
        "depreciationAmortization": 37.3,
        "dilutedAverageSharesOutstanding": 106.1,
        "dilutedEPS": 1.9632,
        "ebit": 283,
        "grossIncome": 502.1,
        "interestExpense": 13,
        "interestIncomeExpense": 9.2,
        "netIncome": 208.3,
        "netIncomeAfterTaxes": 209.5,
        "nonRecurringItems": -0.6,
        "otherOperatingExpensesTotal": 6.8,
        "period": "2024-03-31",
        "pretaxIncome": 292.1,
        "provisionforIncomeTaxes": 82.6,
        "revenue": 957.2,
        "sgaExpense": 175,
        "totalOperatingExpense": 219.1,
        "totalOtherIncomeExpenseNet": 0.5
      },
      {
        "costOfGoodsSold": 469.7,
        "depreciationAmortization": 38,
        "dilutedAverageSharesOutstanding": 106.2,
        "dilutedEPS": 1.9849,
        "ebit": 293.5,
        "grossIncome": 499,
        "interestExpense": 13.2,
        "interestIncomeExpense": -3.7,
        "netIncome": 210.8,
        "netIncomeAfterTaxes": 212,
        "nonRecurringItems": 13.1,
        "otherOperatingExpensesTotal": -7.5,
        "period": "2023-12-31",
        "pretaxIncome": 287.5,
        "provisionforIncomeTaxes": 75.5,
        "revenue": 968.7,
        "sgaExpense": 175,
        "totalOperatingExpense": 205.5,
        "totalOtherIncomeExpenseNet": -15.4
      },
      {
        "costOfGoodsSold": 428.3,
        "depreciationAmortization": 38.8,
        "dilutedAverageSharesOutstanding": 106.1,
        "dilutedEPS": 1.9519,
        "ebit": 272,
        "grossIncome": 480.5,
        "interestExpense": 15.4,
        "interestIncomeExpense": -1.1,
        "netIncome": 207.1,
        "netIncomeAfterTaxes": 208.2,
        "nonRecurringItems": -0.8,
        "otherOperatingExpensesTotal": 9.1,
        "period": "2023-09-30",
        "pretaxIncome": 270.1,
        "provisionforIncomeTaxes": 61.9,
        "revenue": 908.8,
        "sgaExpense": 160.6,
        "totalOperatingExpense": 208.5
      },
      {
        "costOfGoodsSold": 440.7,
        "depreciationAmortization": 39.8,
        "dilutedAverageSharesOutstanding": 106.1,
        "dilutedEPS": 1.574,
        "ebit": 245.5,
        "grossIncome": 467.1,
        "interestExpense": 16.7,
        "interestIncomeExpense": -3.3,
        "netIncome": 167,
        "netIncomeAfterTaxes": 167.8,
        "nonRecurringItems": -0.7,
        "otherOperatingExpensesTotal": 6.9,
        "period": "2023-06-30",
        "pretaxIncome": 241.8,
        "provisionforIncomeTaxes": 74,
        "revenue": 907.8,
        "sgaExpense": 174.9,
        "totalOperatingExpense": 221.6,
        "totalOtherIncomeExpenseNet": 0.3
      },
      {
        "costOfGoodsSold": 516.8,
        "depreciationAmortization": 41.4,
        "dilutedAverageSharesOutstanding": 106.2,
        "dilutedEPS": 1.6252,
        "ebit": 254.3,
        "grossIncome": 471.4,
        "interestExpense": 17.1,
        "interestIncomeExpense": -0.7,
        "netIncome": 172.6,
        "netIncomeAfterTaxes": 173.4,
        "nonRecurringItems": -6.4,
        "otherOperatingExpensesTotal": 5.4,
        "period": "2023-03-31",
        "pretaxIncome": 248.2,
        "provisionforIncomeTaxes": 74.8,
        "revenue": 988.2,
        "sgaExpense": 170.3,
        "totalOperatingExpense": 217.1,
        "totalOtherIncomeExpenseNet": 1
      },
      {
        "costOfGoodsSold": 547.6,
        "depreciationAmortization": 44.7,
        "dilutedAverageSharesOutstanding": 107,
        "dilutedEPS": 1.4897,
        "ebit": 252.5,
        "grossIncome": 457.1,
        "interestExpense": 17.1,
        "interestIncomeExpense": -15.7,
        "netIncome": 159.4,
        "netIncomeAfterTaxes": 159.7,
        "nonRecurringItems": -2,
        "otherOperatingExpensesTotal": 5.2,
        "period": "2022-12-31",
        "pretaxIncome": 235.8,
        "provisionforIncomeTaxes": 76.1,
        "revenue": 1004.7,
        "sgaExpense": 154.7,
        "totalOperatingExpense": 204.6,
        "totalOtherIncomeExpenseNet": 1
      },
      {
        "costOfGoodsSold": 551.1,
        "depreciationAmortization": 41,
        "dilutedAverageSharesOutstanding": 106.4,
        "dilutedEPS": 1.406,
        "ebit": 239.2,
        "grossIncome": 442.4,
        "interestExpense": 16.1,
        "interestIncomeExpense": -15.3,
        "netIncome": 149.6,
        "netIncomeAfterTaxes": 150.2,
        "nonRecurringItems": -2.4,
        "otherOperatingExpensesTotal": 8.4,
        "period": "2022-09-30",
        "pretaxIncome": 229,
        "provisionforIncomeTaxes": 78.8,
        "revenue": 993.5,
        "sgaExpense": 153.8,
        "totalOperatingExpense": 203.2,
        "totalOtherIncomeExpenseNet": 7.5
      },
      {
        "costOfGoodsSold": 561.7,
        "depreciationAmortization": 40.2,
        "dilutedAverageSharesOutstanding": 106.3,
        "dilutedEPS": -1.7357,
        "ebit": 237,
        "grossIncome": 424.1,
        "interestExpense": 15.1,
        "interestIncomeExpense": -14.6,
        "netIncome": -184.5,
        "netIncomeAfterTaxes": -184.5,
        "nonRecurringItems": -474.4,
        "otherOperatingExpensesTotal": 6.4,
        "period": "2022-06-30",
        "pretaxIncome": -256.8,
        "provisionforIncomeTaxes": -72.3,
        "revenue": 985.8,
        "sgaExpense": 140.5,
        "totalOperatingExpense": 187.1,
        "totalOtherIncomeExpenseNet": -4.8
      },
      {
        "costOfGoodsSold": 556.4,
        "depreciationAmortization": 40.9,
        "dilutedAverageSharesOutstanding": 106.8,
        "dilutedEPS": 1.0225,
        "ebit": 241.7,
        "grossIncome": 418.1,
        "interestExpense": 11.7,
        "interestIncomeExpense": -10.8,
        "netIncome": 109.2,
        "netIncomeAfterTaxes": 109.6,
        "nonRecurringItems": -2,
        "otherOperatingExpensesTotal": 6,
        "period": "2022-03-31",
        "pretaxIncome": 224.9,
        "provisionforIncomeTaxes": 115.3,
        "revenue": 974.5,
        "sgaExpense": 129.5,
        "totalOperatingExpense": 176.4,
        "totalOtherIncomeExpenseNet": -4
      },
      {
        "costOfGoodsSold": 475.9,
        "depreciationAmortization": 42,
        "dilutedAverageSharesOutstanding": 107.2,
        "dilutedEPS": 1.542,
        "ebit": 224.3,
        "grossIncome": 390.5,
        "interestExpense": 11.5,
        "interestIncomeExpense": -11.1,
        "minorityInterest": 0,
        "netIncome": 165.3,
        "netIncomeAfterTaxes": 165.9,
        "nonRecurringItems": -8.7,
        "otherOperatingExpensesTotal": 1.8,
        "period": "2021-12-31",
        "pretaxIncome": 210.2,
        "provisionforIncomeTaxes": 44.3,
        "revenue": 866.4,
        "sgaExpense": 122.4,
        "totalOperatingExpense": 166.2,
        "totalOtherIncomeExpenseNet": 5.7
      },
      {
        "costOfGoodsSold": 447.3,
        "depreciationAmortization": 42.8,
        "dilutedAverageSharesOutstanding": 107,
        "dilutedEPS": 1.1215,
        "ebit": 197.4,
        "grossIncome": 369.5,
        "interestExpense": 11.7,
        "interestIncomeExpense": -11.7,
        "netIncome": 120,
        "netIncomeAfterTaxes": 120.4,
        "nonRecurringItems": -6.7,
        "otherOperatingExpensesTotal": 6.5,
        "period": "2021-09-30",
        "pretaxIncome": 173.8,
        "provisionforIncomeTaxes": 53.4,
        "revenue": 816.8,
        "sgaExpense": 122.8,
        "totalOperatingExpense": 172.1,
        "totalOtherIncomeExpenseNet": -5.2
      },
      {
        "costOfGoodsSold": 450.2,
        "depreciationAmortization": 40.6,
        "dilutedAverageSharesOutstanding": 106.9,
        "dilutedEPS": 0.9841,
        "ebit": 191.8,
        "grossIncome": 350.6,
        "interestExpense": 12.4,
        "interestIncomeExpense": -12.3,
        "netIncome": 105.2,
        "netIncomeAfterTaxes": 105.5,
        "nonRecurringItems": -1.8,
        "otherOperatingExpensesTotal": 4.6,
        "period": "2021-06-30",
        "pretaxIncome": 179.2,
        "provisionforIncomeTaxes": 73.7,
        "revenue": 800.8,
        "sgaExpense": 113.6,
        "totalOperatingExpense": 158.8,
        "totalOtherIncomeExpenseNet": 1.5
      },
      {
        "costOfGoodsSold": 645.3,
        "depreciationAmortization": 42,
        "dilutedAverageSharesOutstanding": 107.4,
        "dilutedEPS": 1.2737,
        "ebit": 208,
        "grossIncome": 365.5,
        "interestExpense": 12.4,
        "interestIncomeExpense": -12.3,
        "netIncome": 136.8,
        "netIncomeAfterTaxes": 137.2,
        "nonRecurringItems": -3.4,
        "otherOperatingExpensesTotal": 3.5,
        "period": "2021-03-31",
        "pretaxIncome": 192.9,
        "provisionforIncomeTaxes": 55.7,
        "revenue": 1010.8,
        "sgaExpense": 112,
        "totalOperatingExpense": 157.5,
        "totalOtherIncomeExpenseNet": 0.6
      },
      {
        "costOfGoodsSold": 537.1,
        "depreciationAmortization": 40.5,
        "dilutedAverageSharesOutstanding": 108,
        "dilutedEPS": 0.8065,
        "ebit": 163.6,
        "grossIncome": 307.1,
        "interestExpense": 13.7,
        "interestIncomeExpense": -13.5,
        "netIncome": 87.1,
        "netIncomeAfterTaxes": 87.3,
        "nonRecurringItems": -28.8,
        "otherOperatingExpensesTotal": 5.6,
        "period": "2020-12-31",
        "pretaxIncome": 122.9,
        "provisionforIncomeTaxes": 35.6,
        "revenue": 844.2,
        "sgaExpense": 97.4,
        "totalOperatingExpense": 143.5,
        "totalOtherIncomeExpenseNet": 1.6
      },
      {
        "costOfGoodsSold": 500.7,
        "depreciationAmortization": 39.5,
        "dilutedAverageSharesOutstanding": 108.8,
        "dilutedEPS": 1.0074,
        "ebit": 145.5,
        "grossIncome": 292,
        "interestExpense": 9.6,
        "interestIncomeExpense": -9.5,
        "minorityInterest": 0,
        "netIncome": 109.6,
        "netIncomeAfterTaxes": 109.9,
        "nonRecurringItems": -6.2,
        "otherOperatingExpensesTotal": 11.2,
        "period": "2020-09-30",
        "pretaxIncome": 163.4,
        "provisionforIncomeTaxes": 53.5,
        "revenue": 792.7,
        "sgaExpense": 95.8,
        "totalOperatingExpense": 146.5,
        "totalOtherIncomeExpenseNet": 33.6
      },
      {
        "costOfGoodsSold": 571.8,
        "depreciationAmortization": 38,
        "dilutedAverageSharesOutstanding": 109.6,
        "dilutedEPS": 1.0338,
        "ebit": 171.1,
        "grossIncome": 296.9,
        "interestExpense": 7.4,
        "interestIncomeExpense": -7.3,
        "minorityInterest": 0,
        "netIncome": 113.3,
        "netIncomeAfterTaxes": 113.6,
        "nonRecurringItems": -9.4,
        "otherOperatingExpensesTotal": 3.1,
        "period": "2020-06-30",
        "pretaxIncome": 156.6,
        "provisionforIncomeTaxes": 43,
        "revenue": 868.7,
        "sgaExpense": 84.7,
        "totalOperatingExpense": 125.8,
        "totalOtherIncomeExpenseNet": 2.2
      },
      {
        "costOfGoodsSold": 563.2,
        "depreciationAmortization": 40.5,
        "dilutedAverageSharesOutstanding": 110.6,
        "dilutedEPS": 1.4195,
        "ebit": 227.2,
        "grossIncome": 358.3,
        "interestExpense": 8,
        "interestIncomeExpense": -7.3,
        "minorityInterest": 0,
        "netIncome": 157,
        "netIncomeAfterTaxes": 157.4,
        "nonRecurringItems": -0.8,
        "otherOperatingExpensesTotal": 4.3,
        "period": "2020-03-31",
        "pretaxIncome": 217.5,
        "provisionforIncomeTaxes": 60.1,
        "revenue": 921.5,
        "sgaExpense": 86.3,
        "totalOperatingExpense": 131.1,
        "totalOtherIncomeExpenseNet": -1.6
      },
      {
        "costOfGoodsSold": 318.3,
        "depreciationAmortization": 42.8,
        "dilutedAverageSharesOutstanding": 111.2,
        "dilutedEPS": 0.7743,
        "ebit": 127.9,
        "grossIncome": 280.3,
        "interestIncomeExpense": -7.8,
        "minorityInterest": 0,
        "netIncome": 86.1,
        "netIncomeAfterTaxes": 86.3,
        "nonRecurringItems": -8.7,
        "otherOperatingExpensesTotal": 26.5,
        "period": "2019-12-31",
        "pretaxIncome": 114.2,
        "provisionforIncomeTaxes": 27.9,
        "revenue": 598.6,
        "sgaExpense": 83.1,
        "totalOperatingExpense": 152.4,
        "totalOtherIncomeExpenseNet": 2.8
      },
      {
        "costOfGoodsSold": 381.4,
        "depreciationAmortization": 42.9,
        "dilutedAverageSharesOutstanding": 111.9,
        "dilutedEPS": 0.9428,
        "ebit": 164.1,
        "grossIncome": 294,
        "interestIncomeExpense": -8.2,
        "minorityInterest": 0.1,
        "netIncome": 105.5,
        "netIncomeAfterTaxes": 105.9,
        "nonRecurringItems": -16.7,
        "otherOperatingExpensesTotal": 3.8,
        "period": "2019-09-30",
        "pretaxIncome": 140.9,
        "provisionforIncomeTaxes": 35,
        "revenue": 675.4,
        "sgaExpense": 83.2,
        "totalOperatingExpense": 129.9,
        "totalOtherIncomeExpenseNet": 1.7
      },
      {
        "costOfGoodsSold": 337.4,
        "depreciationAmortization": 43.7,
        "dilutedAverageSharesOutstanding": 111.6,
        "dilutedEPS": 0.785,
        "ebit": 146,
        "grossIncome": 283.2,
        "interestIncomeExpense": -10,
        "minorityInterest": 3.8,
        "netIncome": 87.6,
        "netIncomeAfterTaxes": 84.5,
        "nonRecurringItems": -20.8,
        "otherOperatingExpensesTotal": 4.3,
        "period": "2019-06-30",
        "pretaxIncome": 119.6,
        "provisionforIncomeTaxes": 35.1,
        "revenue": 620.6,
        "sgaExpense": 89.2,
        "totalOperatingExpense": 137.2,
        "totalOtherIncomeExpenseNet": 4.4
      },
      {
        "costOfGoodsSold": 322.1,
        "depreciationAmortization": 47.2,
        "dilutedAverageSharesOutstanding": 111.7,
        "dilutedEPS": 0.8469,
        "ebit": 148.8,
        "grossIncome": 280.5,
        "interestIncomeExpense": -9.9,
        "minorityInterest": 0.2,
        "netIncome": 94.6,
        "netIncomeAfterTaxes": 95.2,
        "nonRecurringItems": -2.3,
        "otherOperatingExpensesTotal": 3.6,
        "period": "2019-03-31",
        "pretaxIncome": 127.8,
        "provisionforIncomeTaxes": 32.6,
        "revenue": 602.6,
        "sgaExpense": 80.9,
        "totalOperatingExpense": 131.7,
        "totalOtherIncomeExpenseNet": -8.8
      },
      {
        "costOfGoodsSold": 413.3,
        "depreciationAmortization": 49.1,
        "dilutedAverageSharesOutstanding": 111.6,
        "dilutedEPS": 1.2312,
        "ebit": 183.2,
        "grossIncome": 334.4,
        "interestIncomeExpense": -9.7,
        "minorityInterest": 0.4,
        "netIncome": 137.4,
        "netIncomeAfterTaxes": 138.4,
        "nonRecurringItems": -6.7,
        "otherOperatingExpensesTotal": 5.5,
        "period": "2018-12-31",
        "pretaxIncome": 175.7,
        "provisionforIncomeTaxes": 37.3,
        "revenue": 747.7,
        "sgaExpense": 96.6,
        "totalOperatingExpense": 151.2,
        "totalOtherIncomeExpenseNet": 8.9
      },
      {
        "costOfGoodsSold": 305.4,
        "depreciationAmortization": 50.3,
        "dilutedAverageSharesOutstanding": 111.8,
        "dilutedEPS": 0.76,
        "ebit": 132,
        "grossIncome": 270.5,
        "interestIncomeExpense": -9.6,
        "minorityInterest": 0.3,
        "netIncome": 85,
        "netIncomeAfterTaxes": 85.7,
        "nonRecurringItems": -5.9,
        "otherOperatingExpensesTotal": 3.3,
        "period": "2018-09-30",
        "pretaxIncome": 116.3,
        "provisionforIncomeTaxes": 30.6,
        "revenue": 575.9,
        "sgaExpense": 84.9,
        "totalOperatingExpense": 138.5,
        "totalOtherIncomeExpenseNet": -0.2
      },
      {
        "costOfGoodsSold": 384,
        "depreciationAmortization": 50.4,
        "dilutedAverageSharesOutstanding": 112.3,
        "dilutedEPS": 0.73,
        "ebit": 137.7,
        "grossIncome": 283.5,
        "interestIncomeExpense": -9.3,
        "minorityInterest": 0.3,
        "netIncome": 82.4,
        "netIncomeAfterTaxes": 83,
        "nonRecurringItems": -8.6,
        "otherOperatingExpensesTotal": 2.5,
        "period": "2018-06-30",
        "pretaxIncome": 119.8,
        "provisionforIncomeTaxes": 36.8,
        "revenue": 667.5,
        "sgaExpense": 92.9,
        "totalOperatingExpense": 145.8,
        "totalOtherIncomeExpenseNet": 0
      },
      {
        "costOfGoodsSold": 449.2,
        "depreciationAmortization": 54.2,
        "dilutedAverageSharesOutstanding": 112.7,
        "dilutedEPS": 1.04,
        "ebit": 176.5,
        "grossIncome": 328.5,
        "interestIncomeExpense": -9.6,
        "minorityInterest": 0.3,
        "netIncome": 117.3,
        "netIncomeAfterTaxes": 118.1,
        "nonRecurringItems": -8.8,
        "otherOperatingExpensesTotal": 2.7,
        "period": "2018-03-31",
        "pretaxIncome": 159.4,
        "provisionforIncomeTaxes": 41.3,
        "revenue": 777.7,
        "sgaExpense": 95.1,
        "totalOperatingExpense": 152,
        "totalOtherIncomeExpenseNet": 1.3
      },
      {
        "costOfGoodsSold": 355.1,
        "depreciationAmortization": 55.9,
        "dilutedAverageSharesOutstanding": 112.6,
        "dilutedEPS": 2.26,
        "ebit": 116.6,
        "grossIncome": 265.6,
        "interestIncomeExpense": -10.4,
        "minorityInterest": 0.3,
        "netIncome": 254.6,
        "netIncomeAfterTaxes": 66,
        "nonRecurringItems": -7.9,
        "otherOperatingExpensesTotal": 3.8,
        "period": "2017-12-31",
        "pretaxIncome": 104.1,
        "provisionforIncomeTaxes": 38.1,
        "revenue": 620.7,
        "sgaExpense": 89.3,
        "totalOperatingExpense": 149,
        "totalOtherIncomeExpenseNet": 5.8
      },
      {
        "costOfGoodsSold": 341.7,
        "depreciationAmortization": 55.4,
        "dilutedAverageSharesOutstanding": 112.6,
        "dilutedEPS": 0.53,
        "ebit": 125.2,
        "grossIncome": 269.7,
        "interestIncomeExpense": -10.5,
        "minorityInterest": 0.2,
        "netIncome": 59.7,
        "netIncomeAfterTaxes": 60.3,
        "nonRecurringItems": -5.9,
        "otherOperatingExpensesTotal": 2.3,
        "period": "2017-09-30",
        "pretaxIncome": 105.9,
        "provisionforIncomeTaxes": 45.6,
        "revenue": 611.4,
        "sgaExpense": 86.8,
        "totalOperatingExpense": 144.5,
        "totalOtherIncomeExpenseNet": -2.9
      },
      {
        "costOfGoodsSold": 373.9,
        "depreciationAmortization": 55.8,
        "dilutedAverageSharesOutstanding": 112.5,
        "dilutedEPS": 0.6,
        "ebit": 123,
        "grossIncome": 266.9,
        "interestIncomeExpense": -12.5,
        "minorityInterest": 0.3,
        "netIncome": 67.3,
        "netIncomeAfterTaxes": 68,
        "nonRecurringItems": -5.2,
        "otherOperatingExpensesTotal": 2.3,
        "period": "2017-06-30",
        "pretaxIncome": 106.1,
        "provisionforIncomeTaxes": 38.1,
        "revenue": 640.8,
        "sgaExpense": 85.8,
        "totalOperatingExpense": 143.9,
        "totalOtherIncomeExpenseNet": 0.8
      },
      {
        "costOfGoodsSold": 162.8,
        "depreciationAmortization": 25.1,
        "dilutedAverageSharesOutstanding": 92,
        "dilutedEPS": 0.16,
        "ebit": 91.5,
        "grossIncome": 193.4,
        "interestIncomeExpense": -7.9,
        "minorityInterest": 0.3,
        "netIncome": 15.1,
        "netIncomeAfterTaxes": 15.2,
        "nonRecurringItems": -65.4,
        "otherOperatingExpensesTotal": 1.7,
        "period": "2017-03-31",
        "pretaxIncome": 18.3,
        "provisionforIncomeTaxes": 3.1,
        "revenue": 356.2,
        "sgaExpense": 75.1,
        "totalOperatingExpense": 101.9,
        "totalOtherIncomeExpenseNet": 0.1
      },
      {
        "costOfGoodsSold": 20.1,
        "depreciationAmortization": 10.1,
        "dilutedAverageSharesOutstanding": 81.3,
        "dilutedEPS": 0.55,
        "ebit": 75.1,
        "grossIncome": 155,
        "interestExpense": 5.515,
        "interestIncomeExpense": -0.1,
        "minorityInterest": 0.3,
        "netIncome": 45,
        "netIncomeAfterTaxes": 45.2,
        "otherOperatingExpensesTotal": 1.2,
        "period": "2016-12-31",
        "pretaxIncome": 75,
        "provisionforIncomeTaxes": 29.8,
        "revenue": 175.1,
        "sgaExpense": 68.6,
        "totalOperatingExpense": 79.9
      },
      {
        "costOfGoodsSold": 19.4,
        "depreciationAmortization": 10.2,
        "dilutedAverageSharesOutstanding": 81.3,
        "dilutedEPS": 0.5,
        "ebit": 65.7,
        "grossIncome": 136.8,
        "interestExpense": 0.177,
        "interestIncomeExpense": 1.7,
        "minorityInterest": 0.3,
        "netIncome": 40.3,
        "netIncomeAfterTaxes": 40.5,
        "otherOperatingExpensesTotal": 1.2,
        "period": "2016-09-30",
        "pretaxIncome": 67.3,
        "provisionforIncomeTaxes": 26.9,
        "revenue": 156.2,
        "sgaExpense": 59.8,
        "totalOperatingExpense": 71.2
      },
      {
        "costOfGoodsSold": 29,
        "depreciationAmortization": 12.3,
        "dilutedAverageSharesOutstanding": 81.3,
        "dilutedEPS": 0.62,
        "ebit": 78,
        "grossIncome": 144.1,
        "interestIncomeExpense": 0,
        "minorityInterest": 0.3,
        "netIncome": 50.7,
        "netIncomeAfterTaxes": 50.9,
        "nonRecurringItems": 0,
        "otherOperatingExpensesTotal": 1,
        "period": "2016-06-30",
        "pretaxIncome": 83.8,
        "provisionforIncomeTaxes": 32.9,
        "revenue": 173.1,
        "sgaExpense": 52.8,
        "totalOperatingExpense": 66.1,
        "totalOtherIncomeExpenseNet": 5.8
      },
      {
        "costOfGoodsSold": 19.1,
        "depreciationAmortization": 11.9,
        "dilutedAverageSharesOutstanding": 81.5,
        "dilutedEPS": 0.6,
        "ebit": 79.5,
        "grossIncome": 143.2,
        "interestExpense": 0.027,
        "interestIncomeExpense": 1,
        "minorityInterest": 0.2,
        "netIncome": 49,
        "netIncomeAfterTaxes": 49.2,
        "otherOperatingExpensesTotal": 1.3,
        "period": "2016-03-31",
        "pretaxIncome": 80.5,
        "provisionforIncomeTaxes": 31.3,
        "revenue": 162.3,
        "sgaExpense": 50.6,
        "totalOperatingExpense": 63.7
      },
      {
        "costOfGoodsSold": 17.8,
        "depreciationAmortization": 12.2,
        "dilutedAverageSharesOutstanding": 82.3,
        "dilutedEPS": 0.61,
        "ebit": 75.9,
        "grossIncome": 138.1,
        "interestExpense": 0.027,
        "interestIncomeExpense": 3.8,
        "netIncome": 50.2,
        "netIncomeAfterTaxes": 50.4,
        "otherOperatingExpensesTotal": 0.9,
        "period": "2015-12-31",
        "pretaxIncome": 79.7,
        "provisionforIncomeTaxes": 29.3,
        "revenue": 155.9,
        "sgaExpense": 49.1,
        "totalOperatingExpense": 62.3
      },
      {
        "costOfGoodsSold": 21.8,
        "depreciationAmortization": 12.4,
        "dilutedAverageSharesOutstanding": 82.8,
        "dilutedEPS": 0.81,
        "ebit": 101.1,
        "grossIncome": 165.2,
        "interestExpense": 0.016,
        "interestIncomeExpense": 0.3,
        "netIncome": 67.2,
        "netIncomeAfterTaxes": 67.5,
        "otherOperatingExpensesTotal": 1.3,
        "period": "2015-09-30",
        "pretaxIncome": 101.5,
        "provisionforIncomeTaxes": 33.9,
        "revenue": 187,
        "sgaExpense": 50.4,
        "totalOperatingExpense": 64.1
      }
    ],
    "symbol": "CBOE"
  }
}