{
  "symbol": "ALLE",
  "statement": "ic",
  "frequency": "annual",
  "timestamp": "2025-09-19T13:55:32.377591",
  "data": {
    "financials": [
      {
        "costOfGoodsSold": 2103.7,
        "dilutedAverageSharesOutstanding": 87.6,
        "dilutedEPS": 6.8208,
        "ebit": 792.1,
        "grossIncome": 1668.5,
        "interestExpense": 102,
        "interestIncomeExpense": -82.6,
        "minorityInterest": 0,
        "netIncome": 597.5,
        "netIncomeAfterTaxes": 597.5,
        "nonRecurringItems": -11.4,
        "period": "2024-12-31",
        "pretaxIncome": 698.8,
        "provisionforIncomeTaxes": 101.3,
        "revenue": 3772.2,
        "sgaExpense": 876.4,
        "totalOperatingExpense": 876.4,
        "totalOtherIncomeExpenseNet": 0.7,
        "year": 2024
      },
      {
        "costOfGoodsSold": 2069.3,
        "dilutedAverageSharesOutstanding": 88.3,
        "dilutedEPS": 6.1201,
        "ebit": 736.9,
        "grossIncome": 1581.5,
        "interestExpense": 93.1,
        "interestIncomeExpense": -89.2,
        "minorityInterest": -0.2,
        "netIncome": 540.4,
        "netIncomeAfterTaxes": 540.6,
        "nonRecurringItems": -28.5,
        "period": "2023-12-31",
        "pretaxIncome": 617.2,
        "provisionforIncomeTaxes": 76.6,
        "revenue": 3650.8,
        "sgaExpense": 844.6,
        "totalOperatingExpense": 844.6,
        "totalOtherIncomeExpenseNet": -2,
        "year": 2023
      },
      {
        "costOfGoodsSold": 1949.5,
        "dilutedAverageSharesOutstanding": 88.3,
        "dilutedEPS": 5.19,
        "ebit": 616.9,
        "grossIncome": 1322.4,
        "interestExpense": 75.9,
        "interestIncomeExpense": -76.2,
        "minorityInterest": -0.3,
        "netIncome": 458,
        "netIncomeAfterTaxes": 458.3,
        "nonRecurringItems": -38.1,
        "period": "2022-12-31",
        "pretaxIncome": 514.5,
        "provisionforIncomeTaxes": 56.2,
        "revenue": 3271.9,
        "sgaExpense": 705.5,
        "totalOperatingExpense": 705.5,
        "totalOtherIncomeExpenseNet": 11.9,
        "year": 2022
      },
      {
        "costOfGoodsSold": 1662.5,
        "dilutedAverageSharesOutstanding": 90.5,
        "dilutedEPS": 5.34,
        "ebit": 534.6,
        "grossIncome": 1204.9,
        "interestExpense": 50.2,
        "interestIncomeExpense": -46.1,
        "minorityInterest": -0.3,
        "netIncome": 483,
        "netIncomeAfterTaxes": 483.3,
        "nonRecurringItems": -4.4,
        "period": "2021-12-31",
        "pretaxIncome": 524,
        "provisionforIncomeTaxes": 40.7,
        "revenue": 2867.4,
        "sgaExpense": 670.3,
        "totalOperatingExpense": 670.3,
        "totalOtherIncomeExpenseNet": 39.9,
        "year": 2021
      },
      {
        "costOfGoodsSold": 1535.9,
        "dilutedAverageSharesOutstanding": 92.8,
        "dilutedEPS": 3.39,
        "ebit": 571,
        "grossIncome": 1184,
        "interestExpense": 51.1,
        "interestIncomeExpense": -50.6,
        "minorityInterest": -0.2,
        "netIncome": 314.3,
        "netIncomeAfterTaxes": 314.5,
        "nonRecurringItems": -167.5,
        "period": "2020-12-31",
        "pretaxIncome": 365.4,
        "provisionforIncomeTaxes": 50.9,
        "revenue": 2719.9,
        "sgaExpense": 613,
        "totalOperatingExpense": 613,
        "totalOtherIncomeExpenseNet": 12.5,
        "year": 2020
      },
      {
        "costOfGoodsSold": 1601.7,
        "dilutedAverageSharesOutstanding": 94.3,
        "dilutedEPS": 4.26,
        "ebit": 573,
        "grossIncome": 1252.3,
        "interestExpense": 56,
        "interestIncomeExpense": -56.1,
        "minorityInterest": -0.3,
        "netIncome": 401.8,
        "netIncomeAfterTaxes": 402.1,
        "nonRecurringItems": -38,
        "period": "2019-12-31",
        "pretaxIncome": 475.2,
        "provisionforIncomeTaxes": 73.1,
        "revenue": 2854,
        "sgaExpense": 679.3,
        "totalOperatingExpense": 679.3,
        "totalOtherIncomeExpenseNet": -3.7,
        "year": 2019
      },
      {
        "costOfGoodsSold": 1558.4,
        "dilutedAverageSharesOutstanding": 95.7,
        "dilutedEPS": 4.54,
        "ebit": 525.8,
        "grossIncome": 1173.3,
        "interestExpense": 54,
        "interestIncomeExpense": -53.1,
        "minorityInterest": -0.5,
        "netIncome": 434.9,
        "netIncomeAfterTaxes": 413.5,
        "nonRecurringItems": 0,
        "period": "2018-12-31",
        "pretaxIncome": 475.2,
        "provisionforIncomeTaxes": 61.7,
        "revenue": 2731.7,
        "sgaExpense": 647.5,
        "totalOperatingExpense": 647.5,
        "totalOtherIncomeExpenseNet": 2.5,
        "year": 2018
      },
      {
        "costOfGoodsSold": 1335.3,
        "dilutedAverageSharesOutstanding": 96,
        "dilutedEPS": 2.84,
        "ebit": 492.5,
        "grossIncome": 1072.9,
        "interestExpense": 105.7,
        "interestIncomeExpense": -99.8,
        "minorityInterest": -3.4,
        "netIncome": 273.3,
        "netIncomeAfterTaxes": 329,
        "nonRecurringItems": 0,
        "period": "2017-12-31",
        "pretaxIncome": 395.7,
        "provisionforIncomeTaxes": 66.7,
        "revenue": 2408.2,
        "sgaExpense": 580.4,
        "totalOperatingExpense": 580.4,
        "totalOtherIncomeExpenseNet": 3,
        "year": 2017
      },
      {
        "costOfGoodsSold": 1248.3,
        "dilutedAverageSharesOutstanding": 96.9,
        "dilutedEPS": 2.36,
        "ebit": 434.3,
        "grossIncome": 989.7,
        "interestExpense": 64.3,
        "interestIncomeExpense": -60.8,
        "minorityInterest": -2.1,
        "netIncome": 229.1,
        "netIncomeAfterTaxes": 231.2,
        "nonRecurringItems": -84.4,
        "period": "2016-12-31",
        "pretaxIncome": 295,
        "provisionforIncomeTaxes": 63.8,
        "revenue": 2238,
        "sgaExpense": 555.4,
        "totalOperatingExpense": 555.4,
        "totalOtherIncomeExpenseNet": 5.9,
        "year": 2016
      },
      {
        "costOfGoodsSold": 1185.4,
        "dilutedAverageSharesOutstanding": 96.9,
        "dilutedEPS": 1.59,
        "ebit": 373.7,
        "grossIncome": 882.7,
        "interestExpense": 52.9,
        "interestIncomeExpense": -56.3,
        "minorityInterest": -0.4,
        "netIncome": 153.9,
        "netIncomeAfterTaxes": 154.7,
        "nonRecurringItems": -119.3,
        "period": "2015-12-31",
        "pretaxIncome": 209.3,
        "provisionforIncomeTaxes": 54.6,
        "revenue": 2068.1,
        "sgaExpense": 509,
        "totalOperatingExpense": 509,
        "totalOtherIncomeExpenseNet": 11.2,
        "year": 2015
      }
    ],
    "symbol": "ALLE"
  }
}