{
  "symbol": "EMR",
  "statement": "ic",
  "frequency": "annual",
  "timestamp": "2025-09-19T13:59:44.333612",
  "data": {
    "financials": [
      {
        "costOfGoodsSold": 8607,
        "depreciationAmortization": 1077,
        "dilutedAverageSharesOutstanding": 574,
        "dilutedEPS": 3.42,
        "ebit": 2459,
        "grossIncome": 8885,
        "interestExpense": 323,
        "interestIncomeExpense": -115,
        "minorityInterest": 13,
        "netIncome": 1968,
        "netIncomeAfterTaxes": 1605,
        "nonRecurringItems": -324,
        "otherOperatingExpensesTotal": -72,
        "period": "2024-09-30",
        "pretaxIncome": 2020,
        "provisionforIncomeTaxes": 415,
        "revenue": 17492,
        "sgaExpense": 5421,
        "totalOperatingExpense": 6426,
        "year": 2024
      },
      {
        "costOfGoodsSold": 7738,
        "depreciationAmortization": 482,
        "dilutedAverageSharesOutstanding": 577.3,
        "dilutedEPS": 22.89,
        "ebit": 2904,
        "grossIncome": 7427,
        "interestExpense": 261,
        "interestIncomeExpense": 187,
        "minorityInterest": 19,
        "netIncome": 13219,
        "netIncomeAfterTaxes": 2261,
        "nonRecurringItems": -188,
        "otherOperatingExpensesTotal": -145,
        "period": "2023-09-30",
        "pretaxIncome": 2903,
        "provisionforIncomeTaxes": 642,
        "revenue": 15165,
        "sgaExpense": 4186,
        "totalOperatingExpense": 4523,
        "year": 2023
      },
      {
        "costOfGoodsSold": 7498,
        "depreciationAmortization": 336,
        "dilutedAverageSharesOutstanding": 596.3,
        "dilutedEPS": 5.41,
        "ebit": 2456,
        "gainLossOnDispositionOfAssets": 30,
        "grossIncome": 6306,
        "interestExpense": 228,
        "interestIncomeExpense": 277,
        "minorityInterest": 1,
        "netIncome": 3231,
        "netIncomeAfterTaxes": 1883,
        "nonRecurringItems": -301,
        "otherOperatingExpensesTotal": -100,
        "period": "2022-09-30",
        "pretaxIncome": 2432,
        "provisionforIncomeTaxes": 549,
        "revenue": 13804,
        "sgaExpense": 3614,
        "totalOperatingExpense": 3850,
        "totalOtherIncomeExpenseNet": -30,
        "year": 2022
      },
      {
        "costOfGoodsSold": 10673,
        "depreciationAmortization": 300,
        "dilutedAverageSharesOutstanding": 601.8,
        "dilutedEPS": 3.8269,
        "ebit": 3216,
        "grossIncome": 7563,
        "interestExpense": 165,
        "interestIncomeExpense": -154,
        "minorityInterest": -24,
        "netIncome": 2303,
        "netIncomeAfterTaxes": 2327,
        "nonRecurringItems": -150,
        "otherOperatingExpensesTotal": -132,
        "period": "2021-09-30",
        "pretaxIncome": 2912,
        "provisionforIncomeTaxes": 585,
        "revenue": 18236,
        "sgaExpense": 4179,
        "totalOperatingExpense": 4347,
        "year": 2021
      },
      {
        "costOfGoodsSold": 9776,
        "depreciationAmortization": 239,
        "dilutedAverageSharesOutstanding": 607,
        "dilutedEPS": 3.24,
        "ebit": 2775,
        "grossIncome": 7009,
        "interestExpense": 175,
        "interestIncomeExpense": -156,
        "minorityInterest": -25,
        "netIncome": 1965,
        "netIncomeAfterTaxes": 1990,
        "nonRecurringItems": -284,
        "otherOperatingExpensesTotal": 9,
        "period": "2020-09-30",
        "pretaxIncome": 2335,
        "provisionforIncomeTaxes": 345,
        "revenue": 16785,
        "sgaExpense": 3986,
        "totalOperatingExpense": 4234,
        "year": 2020
      },
      {
        "costOfGoodsSold": 10555,
        "depreciationAmortization": 238,
        "dilutedAverageSharesOutstanding": 621,
        "dilutedEPS": 3.72,
        "ebit": 3130,
        "grossIncome": 7817,
        "interestExpense": 201,
        "interestIncomeExpense": -176,
        "minorityInterest": -22,
        "netIncome": 2306,
        "netIncomeAfterTaxes": 2328,
        "nonRecurringItems": -95,
        "otherOperatingExpensesTotal": -8,
        "period": "2019-09-30",
        "pretaxIncome": 2859,
        "provisionforIncomeTaxes": 531,
        "revenue": 18372,
        "sgaExpense": 4457,
        "totalOperatingExpense": 4687,
        "year": 2019
      },
      {
        "costOfGoodsSold": 9933,
        "depreciationAmortization": 211,
        "dilutedAverageSharesOutstanding": 635,
        "dilutedEPS": 3.46,
        "ebit": 2906,
        "grossIncome": 7475,
        "interestExpense": 202,
        "interestIncomeExpense": -174,
        "minorityInterest": -21,
        "netIncome": 2203,
        "netIncomeAfterTaxes": 2035,
        "nonRecurringItems": -65,
        "otherOperatingExpensesTotal": 100,
        "period": "2018-09-30",
        "pretaxIncome": 2667,
        "provisionforIncomeTaxes": 632,
        "revenue": 17408,
        "sgaExpense": 4258,
        "totalOperatingExpense": 4569,
        "year": 2018
      },
      {
        "costOfGoodsSold": 8865,
        "depreciationAmortization": 136,
        "dilutedAverageSharesOutstanding": 643,
        "dilutedEPS": 2.36,
        "ebit": 2573,
        "gainLossOnDispositionOfAssets": 0,
        "grossIncome": 6399,
        "interestExpense": 201,
        "interestIncomeExpense": -160,
        "minorityInterest": -32,
        "netIncome": 1518,
        "netIncomeAfterTaxes": 1675,
        "nonRecurringItems": -78,
        "otherOperatingExpensesTotal": 72,
        "period": "2017-09-30",
        "pretaxIncome": 2335,
        "provisionforIncomeTaxes": 660,
        "revenue": 15264,
        "sgaExpense": 3618,
        "totalOperatingExpense": 3826,
        "year": 2017
      },
      {
        "costOfGoodsSold": 8336,
        "depreciationAmortization": 84,
        "dilutedAverageSharesOutstanding": 647,
        "dilutedEPS": 2.52,
        "ebit": 2497,
        "gainLossOnDispositionOfAssets": 0,
        "grossIncome": 6186,
        "interestExpense": 215,
        "interestIncomeExpense": -85,
        "minorityInterest": -29,
        "netIncome": 1635,
        "netIncomeAfterTaxes": 1619,
        "nonRecurringItems": -96,
        "otherOperatingExpensesTotal": 141,
        "period": "2016-09-30",
        "pretaxIncome": 2316,
        "provisionforIncomeTaxes": 697,
        "revenue": 14522,
        "sgaExpense": 3464,
        "totalOperatingExpense": 3689,
        "year": 2016
      },
      {
        "costOfGoodsSold": 9277,
        "depreciationAmortization": 94,
        "dilutedAverageSharesOutstanding": 677,
        "dilutedEPS": 4,
        "ebit": 3059,
        "gainLossOnDispositionOfAssets": 1039,
        "grossIncome": 6972,
        "interestExpense": 198,
        "interestIncomeExpense": -153,
        "minorityInterest": -23,
        "netIncome": 2710,
        "netIncomeAfterTaxes": 2540,
        "nonRecurringItems": -138,
        "otherOperatingExpensesTotal": 84,
        "period": "2015-09-30",
        "pretaxIncome": 3807,
        "provisionforIncomeTaxes": 1267,
        "revenue": 16249,
        "sgaExpense": 3735,
        "totalOperatingExpense": 3913,
        "year": 2015
      }
    ],
    "symbol": "EMR"
  }
}