{
  "symbol": "CTVA",
  "statement": "ic",
  "frequency": "quarterly",
  "timestamp": "2025-09-19T13:58:35.261371",
  "data": {
    "financials": [
      {
        "costOfGoodsSold": 2932,
        "depreciationAmortization": 161,
        "dilutedAverageSharesOutstanding": 683.1,
        "dilutedEPS": 1.92,
        "ebit": 1832,
        "grossIncome": 3524,
        "interestIncomeExpense": -47,
        "minorityInterest": -2,
        "netIncome": 1314,
        "netIncomeAfterTaxes": 1382,
        "nonRecurringItems": -66,
        "period": "2025-06-30",
        "pretaxIncome": 1804,
        "provisionforIncomeTaxes": 422,
        "researchDevelopment": 375,
        "revenue": 6456,
        "sgaExpense": 1156,
        "totalOperatingExpense": 1692,
        "totalOtherIncomeExpenseNet": 85
      },
      {
        "costOfGoodsSold": 2342,
        "depreciationAmortization": 162,
        "dilutedAverageSharesOutstanding": 686.6,
        "dilutedEPS": 0.9656,
        "ebit": 827,
        "grossIncome": 2075,
        "interestExpense": 36,
        "interestIncomeExpense": -20,
        "minorityInterest": -4,
        "netIncome": 652,
        "netIncomeAfterTaxes": 667,
        "nonRecurringItems": -18,
        "period": "2025-03-31",
        "pretaxIncome": 784,
        "provisionforIncomeTaxes": 117,
        "researchDevelopment": 335,
        "revenue": 4417,
        "sgaExpense": 751,
        "totalOperatingExpense": 1248,
        "totalOtherIncomeExpenseNet": -5
      },
      {
        "costOfGoodsSold": 2496,
        "depreciationAmortization": 164,
        "dilutedAverageSharesOutstanding": 687.4,
        "dilutedEPS": -0.0757,
        "ebit": 218,
        "grossIncome": 1482,
        "interestExpense": 60,
        "interestIncomeExpense": -63,
        "minorityInterest": -2,
        "netIncome": -41,
        "netIncomeAfterTaxes": -50,
        "nonRecurringItems": -89,
        "period": "2024-12-31",
        "pretaxIncome": 88,
        "provisionforIncomeTaxes": 138,
        "researchDevelopment": 365,
        "revenue": 3978,
        "sgaExpense": 735,
        "totalOperatingExpense": 1264,
        "totalOtherIncomeExpenseNet": 22
      },
      {
        "costOfGoodsSold": 1565,
        "depreciationAmortization": 170,
        "dilutedAverageSharesOutstanding": 691,
        "dilutedEPS": -0.76,
        "ebit": -428,
        "grossIncome": 761,
        "interestExpense": 66,
        "interestIncomeExpense": -130,
        "minorityInterest": -3,
        "netIncome": -524,
        "netIncomeAfterTaxes": -519,
        "nonRecurringItems": -32,
        "period": "2024-09-30",
        "pretaxIncome": -633,
        "provisionforIncomeTaxes": -114,
        "researchDevelopment": 348,
        "revenue": 2326,
        "sgaExpense": 671,
        "totalOperatingExpense": 1189,
        "totalOtherIncomeExpenseNet": -43
      },
      {
        "costOfGoodsSold": 2918,
        "depreciationAmortization": 174,
        "dilutedAverageSharesOutstanding": 698,
        "dilutedEPS": 1.51,
        "ebit": 1609,
        "grossIncome": 3194,
        "interestExpense": 66,
        "interestIncomeExpense": -120,
        "minorityInterest": -3,
        "netIncome": 1053,
        "netIncomeAfterTaxes": 1056,
        "nonRecurringItems": -126,
        "period": "2024-06-30",
        "pretaxIncome": 1338,
        "provisionforIncomeTaxes": 282,
        "researchDevelopment": 357,
        "revenue": 6112,
        "sgaExpense": 1054,
        "totalOperatingExpense": 1585,
        "totalOtherIncomeExpenseNet": -25
      },
      {
        "costOfGoodsSold": 2550,
        "depreciationAmortization": 177,
        "dilutedAverageSharesOutstanding": 703,
        "dilutedEPS": 0.59,
        "ebit": 697,
        "grossIncome": 1942,
        "interestExpense": 41,
        "interestIncomeExpense": -57,
        "minorityInterest": -4,
        "netIncome": 419,
        "netIncomeAfterTaxes": 376,
        "nonRecurringItems": -125,
        "period": "2024-03-31",
        "pretaxIncome": 482,
        "provisionforIncomeTaxes": 106,
        "researchDevelopment": 332,
        "revenue": 4492,
        "sgaExpense": 736,
        "totalOperatingExpense": 1245,
        "totalOtherIncomeExpenseNet": -33
      },
      {
        "costOfGoodsSold": 2366,
        "depreciationAmortization": 175,
        "dilutedAverageSharesOutstanding": 703.9,
        "dilutedEPS": -0.35,
        "ebit": 74,
        "grossIncome": 1341,
        "interestExpense": 62,
        "interestIncomeExpense": -81,
        "minorityInterest": -2,
        "netIncome": -253,
        "netIncomeAfterTaxes": -231,
        "nonRecurringItems": -278,
        "period": "2023-12-31",
        "pretaxIncome": -323,
        "provisionforIncomeTaxes": -92,
        "researchDevelopment": 357,
        "revenue": 3707,
        "sgaExpense": 735,
        "totalOperatingExpense": 1267,
        "totalOtherIncomeExpenseNet": -38
      },
      {
        "costOfGoodsSold": 1646,
        "depreciationAmortization": 174,
        "dilutedAverageSharesOutstanding": 708.4,
        "dilutedEPS": -0.45,
        "ebit": -235,
        "grossIncome": 944,
        "interestExpense": 58,
        "interestIncomeExpense": -103,
        "minorityInterest": -3,
        "netIncome": -321,
        "netIncomeAfterTaxes": -315,
        "nonRecurringItems": 8,
        "period": "2023-09-30",
        "pretaxIncome": -444,
        "provisionforIncomeTaxes": -129,
        "researchDevelopment": 335,
        "revenue": 2590,
        "sgaExpense": 670,
        "totalOperatingExpense": 1179,
        "totalOtherIncomeExpenseNet": -114
      },
      {
        "costOfGoodsSold": 3137,
        "depreciationAmortization": 174,
        "dilutedAverageSharesOutstanding": 713.7,
        "dilutedEPS": 1,
        "ebit": 1360,
        "grossIncome": 2908,
        "interestExpense": 82,
        "interestIncomeExpense": -129,
        "minorityInterest": -3,
        "netIncome": 714,
        "netIncomeAfterTaxes": 880,
        "nonRecurringItems": -58,
        "period": "2023-06-30",
        "pretaxIncome": 1084,
        "provisionforIncomeTaxes": 204,
        "researchDevelopment": 329,
        "revenue": 6045,
        "sgaExpense": 1045,
        "totalOperatingExpense": 1548,
        "totalOtherIncomeExpenseNet": -89
      },
      {
        "costOfGoodsSold": 2771,
        "depreciationAmortization": 160,
        "dilutedAverageSharesOutstanding": 716.2,
        "dilutedEPS": 0.84,
        "ebit": 911,
        "grossIncome": 2113,
        "interestExpense": 31,
        "interestIncomeExpense": -24,
        "minorityInterest": -4,
        "netIncome": 595,
        "netIncomeAfterTaxes": 607,
        "nonRecurringItems": -34,
        "period": "2023-03-31",
        "pretaxIncome": 776,
        "provisionforIncomeTaxes": 169,
        "researchDevelopment": 316,
        "revenue": 4884,
        "sgaExpense": 726,
        "totalOperatingExpense": 1202,
        "totalOtherIncomeExpenseNet": -77
      },
      {
        "costOfGoodsSold": 2510,
        "depreciationAmortization": 166,
        "dilutedAverageSharesOutstanding": 714.8,
        "dilutedEPS": -0.06,
        "ebit": 45,
        "grossIncome": 1315,
        "interestExpense": 36,
        "interestIncomeExpense": -113,
        "minorityInterest": -2,
        "netIncome": -55,
        "netIncomeAfterTaxes": -41,
        "nonRecurringItems": -62,
        "period": "2022-12-31",
        "pretaxIncome": -203,
        "provisionforIncomeTaxes": -162,
        "researchDevelopment": 340,
        "revenue": 3825,
        "sgaExpense": 764,
        "totalOperatingExpense": 1270,
        "totalOtherIncomeExpenseNet": -73
      },
      {
        "costOfGoodsSold": 1879,
        "depreciationAmortization": 178,
        "dilutedAverageSharesOutstanding": 718.7,
        "dilutedEPS": -0.45,
        "ebit": -249,
        "grossIncome": 898,
        "interestExpense": 18,
        "interestIncomeExpense": 4,
        "minorityInterest": -3,
        "netIncome": -331,
        "netIncomeAfterTaxes": -322,
        "nonRecurringItems": -136,
        "period": "2022-09-30",
        "pretaxIncome": -396,
        "provisionforIncomeTaxes": -74,
        "researchDevelopment": 312,
        "revenue": 2777,
        "sgaExpense": 657,
        "totalOperatingExpense": 1147,
        "totalOtherIncomeExpenseNet": -15
      },
      {
        "costOfGoodsSold": 3323,
        "depreciationAmortization": 179,
        "dilutedAverageSharesOutstanding": 726.7,
        "dilutedEPS": 1.33,
        "ebit": 1437,
        "grossIncome": 2929,
        "interestExpense": 16,
        "interestIncomeExpense": -24,
        "minorityInterest": -3,
        "netIncome": 969,
        "netIncomeAfterTaxes": 1002,
        "nonRecurringItems": -139,
        "period": "2022-06-30",
        "pretaxIncome": 1327,
        "provisionforIncomeTaxes": 325,
        "researchDevelopment": 296,
        "revenue": 6252,
        "sgaExpense": 1017,
        "totalOperatingExpense": 1492,
        "totalOtherIncomeExpenseNet": 53
      },
      {
        "costOfGoodsSold": 2724,
        "depreciationAmortization": 179,
        "dilutedAverageSharesOutstanding": 730.9,
        "dilutedEPS": 0.79,
        "ebit": 695,
        "grossIncome": 1877,
        "interestExpense": 9,
        "interestIncomeExpense": -31,
        "minorityInterest": -3,
        "netIncome": 564,
        "netIncomeAfterTaxes": 577,
        "nonRecurringItems": -8,
        "period": "2022-03-31",
        "pretaxIncome": 698,
        "provisionforIncomeTaxes": 121,
        "researchDevelopment": 268,
        "revenue": 4601,
        "sgaExpense": 735,
        "totalOperatingExpense": 1182,
        "totalOtherIncomeExpenseNet": 42
      },
      {
        "costOfGoodsSold": 2232,
        "depreciationAmortization": 179,
        "dilutedAverageSharesOutstanding": 734.4,
        "dilutedEPS": 0.21,
        "ebit": -54,
        "grossIncome": 1247,
        "interestExpense": 8,
        "interestIncomeExpense": 14,
        "minorityInterest": -2,
        "netIncome": 159,
        "netIncomeAfterTaxes": 155,
        "nonRecurringItems": -9,
        "period": "2021-12-31",
        "pretaxIncome": 245,
        "provisionforIncomeTaxes": 90,
        "researchDevelopment": 316,
        "revenue": 3479,
        "sgaExpense": 806,
        "totalOperatingExpense": 1301,
        "totalOtherIncomeExpenseNet": 294
      },
      {
        "costOfGoodsSold": 1558,
        "depreciationAmortization": 180,
        "dilutedAverageSharesOutstanding": 739.5,
        "dilutedEPS": 0.05,
        "ebit": -336,
        "grossIncome": 813,
        "interestExpense": 8,
        "interestIncomeExpense": 12,
        "minorityInterest": -2,
        "netIncome": 30,
        "netIncomeAfterTaxes": 36,
        "nonRecurringItems": -25,
        "period": "2021-09-30",
        "pretaxIncome": 8,
        "provisionforIncomeTaxes": -28,
        "researchDevelopment": 297,
        "revenue": 2371,
        "sgaExpense": 672,
        "totalOperatingExpense": 1149,
        "totalOtherIncomeExpenseNet": 357
      },
      {
        "costOfGoodsSold": 3010,
        "depreciationAmortization": 180,
        "dilutedAverageSharesOutstanding": 743.3,
        "dilutedEPS": 1.3,
        "ebit": 1146,
        "grossIncome": 2617,
        "interestExpense": 7,
        "interestIncomeExpense": -1,
        "minorityInterest": -3,
        "netIncome": 970,
        "netIncomeAfterTaxes": 1018,
        "nonRecurringItems": -134,
        "period": "2021-06-30",
        "pretaxIncome": 1302,
        "provisionforIncomeTaxes": 284,
        "researchDevelopment": 293,
        "revenue": 5627,
        "sgaExpense": 998,
        "totalOperatingExpense": 1471,
        "totalOtherIncomeExpenseNet": 291
      },
      {
        "costOfGoodsSold": 2420,
        "depreciationAmortization": 183,
        "dilutedAverageSharesOutstanding": 749.6,
        "dilutedEPS": 0.81,
        "ebit": 561,
        "grossIncome": 1758,
        "interestExpense": 7,
        "interestIncomeExpense": -18,
        "minorityInterest": -3,
        "netIncome": 600,
        "netIncomeAfterTaxes": 613,
        "nonRecurringItems": -100,
        "period": "2021-03-31",
        "pretaxIncome": 791,
        "provisionforIncomeTaxes": 178,
        "researchDevelopment": 281,
        "revenue": 4178,
        "sgaExpense": 733,
        "totalOperatingExpense": 1197,
        "totalOtherIncomeExpenseNet": 348
      },
      {
        "costOfGoodsSold": 2112,
        "depreciationAmortization": 181,
        "dilutedAverageSharesOutstanding": 748.8,
        "dilutedEPS": 0.05,
        "ebit": -115,
        "grossIncome": 1095,
        "interestExpense": 10,
        "interestIncomeExpense": -36,
        "minorityInterest": -2,
        "netIncome": 41,
        "netIncomeAfterTaxes": 99,
        "nonRecurringItems": -10,
        "period": "2020-12-31",
        "pretaxIncome": -70,
        "provisionforIncomeTaxes": -169,
        "researchDevelopment": 305,
        "revenue": 3207,
        "sgaExpense": 724,
        "totalOperatingExpense": 1210,
        "totalOtherIncomeExpenseNet": 91
      },
      {
        "costOfGoodsSold": 1297,
        "depreciationAmortization": 162,
        "dilutedAverageSharesOutstanding": 749.5,
        "dilutedEPS": -0.52,
        "ebit": -477,
        "grossIncome": 566,
        "interestExpense": 11,
        "interestIncomeExpense": -67,
        "minorityInterest": -2,
        "netIncome": -392,
        "netIncomeAfterTaxes": -390,
        "nonRecurringItems": -48,
        "period": "2020-09-30",
        "pretaxIncome": -507,
        "provisionforIncomeTaxes": -117,
        "researchDevelopment": 284,
        "revenue": 1863,
        "sgaExpense": 597,
        "totalOperatingExpense": 1043,
        "totalOtherIncomeExpenseNet": 85
      },
      {
        "costOfGoodsSold": 2829,
        "depreciationAmortization": 176,
        "dilutedAverageSharesOutstanding": 751.6,
        "dilutedEPS": 1.01,
        "ebit": 948,
        "grossIncome": 2362,
        "interestExpense": 14,
        "interestIncomeExpense": -6,
        "minorityInterest": -6,
        "netIncome": 760,
        "netIncomeAfterTaxes": 766,
        "nonRecurringItems": -163,
        "period": "2020-06-30",
        "pretaxIncome": 844,
        "provisionforIncomeTaxes": 78,
        "researchDevelopment": 273,
        "revenue": 5191,
        "sgaExpense": 965,
        "totalOperatingExpense": 1414,
        "totalOtherIncomeExpenseNet": 65
      },
      {
        "costOfGoodsSold": 2269,
        "depreciationAmortization": 163,
        "dilutedAverageSharesOutstanding": 752.5,
        "dilutedEPS": 0.36,
        "ebit": 487,
        "grossIncome": 1687,
        "interestExpense": 10,
        "interestIncomeExpense": -54,
        "minorityInterest": -10,
        "netIncome": 272,
        "netIncomeAfterTaxes": 281,
        "nonRecurringItems": -116,
        "period": "2020-03-31",
        "pretaxIncome": 408,
        "provisionforIncomeTaxes": 127,
        "researchDevelopment": 280,
        "revenue": 3956,
        "sgaExpense": 757,
        "totalOperatingExpense": 1200,
        "totalOtherIncomeExpenseNet": 91
      },
      {
        "costOfGoodsSold": 1968,
        "depreciationAmortization": 161,
        "dilutedAverageSharesOutstanding": 749.8,
        "dilutedEPS": -0.02,
        "ebit": -183,
        "grossIncome": 1015,
        "interestExpense": 24,
        "interestIncomeExpense": -41,
        "minorityInterest": -3,
        "netIncome": -21,
        "netIncomeAfterTaxes": -42,
        "nonRecurringItems": -32,
        "period": "2019-12-31",
        "pretaxIncome": -187,
        "provisionforIncomeTaxes": -145,
        "researchDevelopment": 290,
        "revenue": 2983,
        "sgaExpense": 747,
        "totalOperatingExpense": 1198,
        "totalOtherIncomeExpenseNet": 69
      },
      {
        "costOfGoodsSold": 1349,
        "depreciationAmortization": 100,
        "dilutedAverageSharesOutstanding": 749.5,
        "dilutedEPS": -0.65,
        "ebit": -473,
        "grossIncome": 562,
        "interestExpense": 19,
        "interestIncomeExpense": -20,
        "minorityInterest": 11,
        "netIncome": -494,
        "netIncomeAfterTaxes": -527,
        "nonRecurringItems": -196,
        "period": "2019-09-30",
        "pretaxIncome": -631,
        "provisionforIncomeTaxes": -104,
        "researchDevelopment": 289,
        "revenue": 1911,
        "sgaExpense": 646,
        "totalOperatingExpense": 1035,
        "totalOtherIncomeExpenseNet": 58
      },
      {
        "costOfGoodsSold": 3047,
        "depreciationAmortization": 113,
        "dilutedAverageSharesOutstanding": 749.4,
        "dilutedEPS": -0.81,
        "ebit": 1190,
        "grossIncome": 2509,
        "interestExpense": 34,
        "interestIncomeExpense": -54,
        "minorityInterest": -14,
        "netIncome": -608,
        "netIncomeAfterTaxes": 483,
        "nonRecurringItems": -401,
        "period": "2019-06-30",
        "pretaxIncome": 753,
        "provisionforIncomeTaxes": 270,
        "researchDevelopment": 269,
        "revenue": 5556,
        "sgaExpense": 937,
        "totalOperatingExpense": 1319,
        "totalOtherIncomeExpenseNet": 18
      },
      {
        "costOfGoodsSold": 2211,
        "depreciationAmortization": 101,
        "dilutedAverageSharesOutstanding": 748.8,
        "dilutedEPS": 0.21,
        "ebit": 50,
        "grossIncome": 1185,
        "interestExpense": 59,
        "interestIncomeExpense": -70,
        "minorityInterest": -12,
        "netIncome": 164,
        "netIncomeAfterTaxes": -184,
        "nonRecurringItems": -286,
        "period": "2019-03-31",
        "pretaxIncome": -251,
        "provisionforIncomeTaxes": -67,
        "researchDevelopment": 299,
        "revenue": 3396,
        "sgaExpense": 735,
        "totalOperatingExpense": 1135,
        "totalOtherIncomeExpenseNet": 55
      },
      {
        "costOfGoodsSold": 2024,
        "depreciationAmortization": 107,
        "dilutedAverageSharesOutstanding": 751.2,
        "dilutedEPS": -0.7,
        "ebit": -355,
        "grossIncome": 791,
        "interestExpense": 86,
        "interestIncomeExpense": 1,
        "minorityInterest": -9,
        "netIncome": -531,
        "netIncomeAfterTaxes": -1070,
        "nonRecurringItems": -577,
        "period": "2018-12-31",
        "pretaxIncome": -914,
        "provisionforIncomeTaxes": 156,
        "researchDevelopment": 345,
        "revenue": 2815,
        "sgaExpense": 694,
        "totalOperatingExpense": 1146,
        "totalOtherIncomeExpenseNet": 17
      },
      {
        "costOfGoodsSold": 1485,
        "depreciationAmortization": 88,
        "dilutedAverageSharesOutstanding": 748.8,
        "dilutedEPS": -6.83,
        "ebit": -584,
        "grossIncome": 462,
        "interestExpense": 82,
        "interestIncomeExpense": -147,
        "minorityInterest": -5,
        "netIncome": -5121,
        "netIncomeAfterTaxes": -5642,
        "nonRecurringItems": -4990,
        "period": "2018-09-30",
        "pretaxIncome": -5650,
        "provisionforIncomeTaxes": -8,
        "researchDevelopment": 325,
        "revenue": 1947,
        "sgaExpense": 633,
        "totalOperatingExpense": 1046,
        "totalOtherIncomeExpenseNet": 71
      },
      {
        "costOfGoodsSold": 3687,
        "depreciationAmortization": 107,
        "dilutedAverageSharesOutstanding": 748.8,
        "dilutedEPS": 0.92,
        "ebit": 618,
        "grossIncome": 2044,
        "interestExpense": 88,
        "interestIncomeExpense": -63,
        "minorityInterest": -4,
        "netIncome": 694,
        "netIncomeAfterTaxes": 375,
        "nonRecurringItems": -318,
        "period": "2018-06-30",
        "pretaxIncome": 308,
        "provisionforIncomeTaxes": -67,
        "researchDevelopment": 354,
        "revenue": 5731,
        "sgaExpense": 965,
        "totalOperatingExpense": 1426,
        "totalOtherIncomeExpenseNet": 71
      },
      {
        "costOfGoodsSold": 2752,
        "depreciationAmortization": 89,
        "dilutedAverageSharesOutstanding": 748.8,
        "dilutedEPS": -0.14,
        "ebit": -127,
        "grossIncome": 1042,
        "interestExpense": 81,
        "interestIncomeExpense": -170,
        "minorityInterest": -20,
        "netIncome": -107,
        "netIncomeAfterTaxes": -438,
        "nonRecurringItems": -323,
        "period": "2018-03-31",
        "pretaxIncome": -550,
        "provisionforIncomeTaxes": -112,
        "researchDevelopment": 331,
        "revenue": 3794,
        "sgaExpense": 749,
        "totalOperatingExpense": 1169,
        "totalOtherIncomeExpenseNet": 70
      },
      {
        "costOfGoodsSold": 1804,
        "depreciationAmortization": 77,
        "dilutedAverageSharesOutstanding": 748.8,
        "dilutedEPS": 2.92,
        "ebit": -201,
        "grossIncome": 874,
        "interestIncomeExpense": 14,
        "minorityInterest": -6,
        "netIncome": 2188,
        "netIncomeAfterTaxes": 2194,
        "nonRecurringItems": -307,
        "period": "2017-12-31",
        "pretaxIncome": -481,
        "provisionforIncomeTaxes": -2675,
        "researchDevelopment": 383,
        "revenue": 2678,
        "sgaExpense": 615,
        "totalOperatingExpense": 1075,
        "totalOtherIncomeExpenseNet": 13
      },
      {
        "costOfGoodsSold": 1332,
        "depreciationAmortization": 60,
        "dilutedAverageSharesOutstanding": 748.8,
        "dilutedEPS": -1.13,
        "ebit": -579,
        "grossIncome": 536,
        "interestIncomeExpense": 50,
        "minorityInterest": -2,
        "netIncome": -848,
        "netIncomeAfterTaxes": -846,
        "nonRecurringItems": 28,
        "period": "2017-09-30",
        "pretaxIncome": -633,
        "provisionforIncomeTaxes": 213,
        "researchDevelopment": 387,
        "revenue": 1868,
        "sgaExpense": 668,
        "totalOperatingExpense": 1115,
        "totalOtherIncomeExpenseNet": -132
      }
    ],
    "symbol": "CTVA"
  }
}