{
  "symbol": "HRL",
  "statement": "ic",
  "frequency": "quarterly",
  "timestamp": "2025-09-19T14:01:38.682219",
  "data": {
    "financials": [
      {
        "costOfGoodsSold": 2544.557,
        "dilutedAverageSharesOutstanding": 550.723,
        "dilutedEPS": 0.3336,
        "ebit": 243.09,
        "grossIncome": 488.319,
        "interestExpense": 19.461,
        "interestIncomeExpense": 7.919,
        "minorityInterest": 0.046,
        "netIncome": 183.742,
        "netIncomeAfterTaxes": 183.696,
        "nonRecurringItems": -14.495,
        "otherOperatingExpensesTotal": 0.001,
        "period": "2025-07-27",
        "pretaxIncome": 236.514,
        "provisionforIncomeTaxes": 52.818,
        "revenue": 3032.876,
        "sgaExpense": 245.228,
        "totalOperatingExpense": 245.229
      },
      {
        "costOfGoodsSold": 2411.6,
        "dilutedAverageSharesOutstanding": 550.611,
        "dilutedEPS": 0.3269,
        "ebit": 249.554,
        "grossIncome": 487.21,
        "interestExpense": 19.516,
        "interestIncomeExpense": -2.513,
        "minorityInterest": 0.275,
        "netIncome": 180.017,
        "netIncomeAfterTaxes": 179.742,
        "nonRecurringItems": -16.552,
        "otherOperatingExpensesTotal": -0.001,
        "period": "2025-04-27",
        "pretaxIncome": 230.489,
        "provisionforIncomeTaxes": 50.747,
        "revenue": 2898.81,
        "sgaExpense": 237.657,
        "totalOperatingExpense": 237.656
      },
      {
        "costOfGoodsSold": 2513.395,
        "dilutedAverageSharesOutstanding": 549.854,
        "dilutedEPS": 0.3102,
        "ebit": 237.937,
        "grossIncome": 475.418,
        "interestExpense": 19.462,
        "interestIncomeExpense": 5.853,
        "minorityInterest": 0.045,
        "netIncome": 170.575,
        "netIncomeAfterTaxes": 170.53,
        "nonRecurringItems": -25.718,
        "period": "2025-01-26",
        "pretaxIncome": 218.073,
        "provisionforIncomeTaxes": 47.543,
        "revenue": 2988.813,
        "sgaExpense": 237.481,
        "totalOperatingExpense": 237.481,
        "totalOtherIncomeExpenseNet": 0.001
      },
      {
        "costOfGoodsSold": 2616.861,
        "dilutedAverageSharesOutstanding": 549.456,
        "dilutedEPS": 0.4008,
        "ebit": 282.642,
        "grossIncome": 521.23,
        "interestExpense": 19.43,
        "interestIncomeExpense": -2.612,
        "minorityInterest": 0.237,
        "netIncome": 220.196,
        "netIncomeAfterTaxes": 219.96,
        "nonRecurringItems": 0,
        "otherOperatingExpensesTotal": 0.001,
        "period": "2024-10-27",
        "pretaxIncome": 280.03,
        "provisionforIncomeTaxes": 60.07,
        "revenue": 3138.091,
        "sgaExpense": 238.587,
        "totalOperatingExpense": 238.588
      },
      {
        "costOfGoodsSold": 2410.075,
        "dilutedAverageSharesOutstanding": 549.266,
        "dilutedEPS": 0.3217,
        "ebit": 228.716,
        "grossIncome": 488.368,
        "interestExpense": 21.459,
        "interestIncomeExpense": -2.998,
        "minorityInterest": -0.034,
        "netIncome": 176.701,
        "netIncomeAfterTaxes": 176.735,
        "otherOperatingExpensesTotal": -0.001,
        "period": "2024-07-28",
        "pretaxIncome": 225.719,
        "provisionforIncomeTaxes": 48.984,
        "revenue": 2898.443,
        "sgaExpense": 259.653,
        "totalOperatingExpense": 259.652,
        "totalOtherIncomeExpenseNet": 0.001
      },
      {
        "costOfGoodsSold": 2383.546,
        "dilutedAverageSharesOutstanding": 548.685,
        "dilutedEPS": 0.345,
        "ebit": 237.138,
        "grossIncome": 503.806,
        "interestExpense": 21.679,
        "interestIncomeExpense": 7,
        "minorityInterest": 0.07,
        "netIncome": 189.278,
        "netIncomeAfterTaxes": 189.208,
        "period": "2024-04-28",
        "pretaxIncome": 244.139,
        "provisionforIncomeTaxes": 54.931,
        "revenue": 2887.352,
        "sgaExpense": 266.668,
        "totalOperatingExpense": 266.668,
        "totalOtherIncomeExpenseNet": 0.001
      },
      {
        "costOfGoodsSold": 2488.178,
        "dilutedAverageSharesOutstanding": 547.92,
        "dilutedEPS": 0.3994,
        "ebit": 268.347,
        "grossIncome": 508.733,
        "interestExpense": 18.326,
        "interestIncomeExpense": 17.199,
        "minorityInterest": 0.134,
        "netIncome": 218.863,
        "netIncomeAfterTaxes": 218.729,
        "period": "2024-01-28",
        "pretaxIncome": 285.547,
        "provisionforIncomeTaxes": 66.818,
        "revenue": 2996.911,
        "sgaExpense": 240.386,
        "totalOperatingExpense": 240.386,
        "totalOtherIncomeExpenseNet": 0.001
      },
      {
        "costOfGoodsSold": 2683.655,
        "dilutedAverageSharesOutstanding": 548.247,
        "dilutedEPS": 0.3574,
        "ebit": 297.879,
        "grossIncome": 514.425,
        "interestExpense": 18.36,
        "interestIncomeExpense": -23.691,
        "minorityInterest": 0.453,
        "netIncome": 195.935,
        "netIncomeAfterTaxes": 195.484,
        "nonRecurringItems": -28.383,
        "otherOperatingExpensesTotal": 0,
        "period": "2023-10-29",
        "pretaxIncome": 245.806,
        "provisionforIncomeTaxes": 50.322,
        "revenue": 3198.08,
        "sgaExpense": 216.546,
        "totalOperatingExpense": 216.546,
        "totalOtherIncomeExpenseNet": 0.001
      },
      {
        "costOfGoodsSold": 2465.3,
        "dilutedAverageSharesOutstanding": 548.6,
        "dilutedEPS": 0.3,
        "ebit": 207,
        "grossIncome": 498,
        "interestExpense": 18.372,
        "interestIncomeExpense": 0.7,
        "minorityInterest": 0.1,
        "netIncome": 162.7,
        "netIncomeAfterTaxes": 162.6,
        "period": "2023-07-30",
        "pretaxIncome": 207.6,
        "provisionforIncomeTaxes": 45.1,
        "revenue": 2963.3,
        "sgaExpense": 291.1,
        "totalOperatingExpense": 291
      },
      {
        "costOfGoodsSold": 2486.2,
        "dilutedAverageSharesOutstanding": 549,
        "dilutedEPS": 0.4,
        "ebit": 278.9,
        "grossIncome": 491.4,
        "interestExpense": 18.323,
        "interestIncomeExpense": -0.1,
        "minorityInterest": 0,
        "netIncome": 217.2,
        "netIncomeAfterTaxes": 217.2,
        "otherOperatingExpensesTotal": 0,
        "period": "2023-04-30",
        "pretaxIncome": 278.8,
        "provisionforIncomeTaxes": 61.6,
        "revenue": 2977.6,
        "sgaExpense": 212.5,
        "totalOperatingExpense": 212.5,
        "totalOtherIncomeExpenseNet": 0
      },
      {
        "costOfGoodsSold": 2475,
        "dilutedAverageSharesOutstanding": 550,
        "dilutedEPS": 0.4,
        "ebit": 273.9,
        "grossIncome": 495.9,
        "interestExpense": 18.347,
        "interestIncomeExpense": 7.3,
        "minorityInterest": 0.1,
        "netIncome": 217.7,
        "netIncomeAfterTaxes": 217.7,
        "period": "2023-01-29",
        "pretaxIncome": 281.2,
        "provisionforIncomeTaxes": 63.6,
        "revenue": 2971,
        "sgaExpense": 222.1,
        "totalOperatingExpense": 222.1
      },
      {
        "costOfGoodsSold": 2717.1,
        "dilutedAverageSharesOutstanding": 550.1,
        "dilutedEPS": 0.51,
        "ebit": 360,
        "grossIncome": 566.4,
        "interestExpense": 17.602,
        "interestIncomeExpense": -2.5,
        "minorityInterest": -0.1,
        "netIncome": 279.9,
        "netIncomeAfterTaxes": 280,
        "otherOperatingExpensesTotal": 0,
        "period": "2022-10-30",
        "pretaxIncome": 357.5,
        "provisionforIncomeTaxes": 77.5,
        "revenue": 3283.5,
        "sgaExpense": 206.5,
        "totalOperatingExpense": 206.4,
        "totalOtherIncomeExpenseNet": 0
      },
      {
        "costOfGoodsSold": 2528.4,
        "dilutedAverageSharesOutstanding": 550.2,
        "dilutedEPS": 0.4,
        "ebit": 283.9,
        "grossIncome": 506.1,
        "interestExpense": 15.615,
        "interestIncomeExpense": 5.9,
        "minorityInterest": 0.1,
        "netIncome": 218.9,
        "netIncomeAfterTaxes": 218.8,
        "otherOperatingExpensesTotal": 0,
        "period": "2022-07-31",
        "pretaxIncome": 289.8,
        "provisionforIncomeTaxes": 71,
        "revenue": 3034.4,
        "sgaExpense": 222.1,
        "totalOperatingExpense": 222.1
      },
      {
        "costOfGoodsSold": 2543.1,
        "dilutedAverageSharesOutstanding": 550,
        "dilutedEPS": 0.48,
        "ebit": 328.8,
        "grossIncome": 553.5,
        "interestExpense": 14.658,
        "interestIncomeExpense": -7,
        "minorityInterest": -0.1,
        "netIncome": 261.6,
        "netIncomeAfterTaxes": 261.7,
        "period": "2022-05-01",
        "pretaxIncome": 321.9,
        "provisionforIncomeTaxes": 60.2,
        "revenue": 3096.6,
        "sgaExpense": 224.7,
        "totalOperatingExpense": 224.6,
        "totalOtherIncomeExpenseNet": 0
      },
      {
        "costOfGoodsSold": 2505.6,
        "dilutedAverageSharesOutstanding": 547.9,
        "dilutedEPS": 0.44,
        "ebit": 312.8,
        "grossIncome": 538.7,
        "interestExpense": 14.64,
        "interestIncomeExpense": -3.9,
        "minorityInterest": -0.1,
        "netIncome": 239.6,
        "netIncomeAfterTaxes": 239.7,
        "otherOperatingExpensesTotal": 0,
        "period": "2022-01-30",
        "pretaxIncome": 308.9,
        "provisionforIncomeTaxes": 69.2,
        "revenue": 3044.4,
        "sgaExpense": 226,
        "totalOperatingExpense": 226
      },
      {
        "costOfGoodsSold": 2876.7,
        "dilutedAverageSharesOutstanding": 547.3,
        "dilutedEPS": 0.51,
        "ebit": 347.7,
        "grossIncome": 578.1,
        "interestExpense": 15.589,
        "interestIncomeExpense": 4.5,
        "minorityInterest": 0,
        "netIncome": 281.7,
        "netIncomeAfterTaxes": 281.8,
        "otherOperatingExpensesTotal": 0,
        "period": "2021-10-31",
        "pretaxIncome": 352.2,
        "provisionforIncomeTaxes": 70.5,
        "revenue": 3454.8,
        "sgaExpense": 230.4,
        "totalOperatingExpense": 230.4,
        "totalOtherIncomeExpenseNet": 0
      },
      {
        "costOfGoodsSold": 2440.3,
        "dilutedAverageSharesOutstanding": 548.1,
        "dilutedEPS": 0.32,
        "ebit": 197.1,
        "grossIncome": 423.3,
        "interestExpense": 11.703,
        "interestIncomeExpense": 7.2,
        "minorityInterest": -0.2,
        "netIncome": 176.9,
        "netIncomeAfterTaxes": 177.1,
        "period": "2021-07-25",
        "pretaxIncome": 204.2,
        "provisionforIncomeTaxes": 27.2,
        "revenue": 2863.7,
        "sgaExpense": 226.3,
        "totalOperatingExpense": 226.3
      },
      {
        "costOfGoodsSold": 2130.3,
        "dilutedAverageSharesOutstanding": 547.5,
        "dilutedEPS": 0.42,
        "ebit": 276.3,
        "grossIncome": 476.3,
        "interestExpense": 7.788,
        "interestIncomeExpense": 16.3,
        "minorityInterest": 0,
        "netIncome": 227.9,
        "netIncomeAfterTaxes": 227.9,
        "period": "2021-04-25",
        "pretaxIncome": 292.6,
        "provisionforIncomeTaxes": 64.7,
        "revenue": 2606.6,
        "sgaExpense": 200,
        "totalOperatingExpense": 200,
        "totalOtherIncomeExpenseNet": 0
      },
      {
        "costOfGoodsSold": 2011,
        "dilutedAverageSharesOutstanding": 547.4,
        "dilutedEPS": 0.41,
        "ebit": 253.8,
        "grossIncome": 450.2,
        "interestExpense": 8.227,
        "interestIncomeExpense": 23.3,
        "minorityInterest": -0.1,
        "netIncome": 222.3,
        "netIncomeAfterTaxes": 222.4,
        "period": "2021-01-24",
        "pretaxIncome": 277.1,
        "provisionforIncomeTaxes": 54.7,
        "revenue": 2461.1,
        "sgaExpense": 196.4,
        "totalOperatingExpense": 196.3
      },
      {
        "costOfGoodsSold": 1962.3,
        "dilutedAverageSharesOutstanding": 548,
        "dilutedEPS": 0.43,
        "ebit": 267,
        "grossIncome": 457.8,
        "interestExpense": 8.271,
        "interestIncomeExpense": 11.7,
        "minorityInterest": -0.2,
        "netIncome": 234.4,
        "netIncomeAfterTaxes": 234.5,
        "nonRecurringItems": 0,
        "period": "2020-10-25",
        "pretaxIncome": 278.7,
        "provisionforIncomeTaxes": 44.2,
        "revenue": 2420.1,
        "sgaExpense": 190.8,
        "totalOperatingExpense": 190.8
      },
      {
        "costOfGoodsSold": 1959,
        "dilutedAverageSharesOutstanding": 547.1,
        "dilutedEPS": 0.37,
        "ebit": 241.4,
        "grossIncome": 422.4,
        "interestExpense": 5.724,
        "interestIncomeExpense": 18,
        "minorityInterest": -0.1,
        "netIncome": 203.1,
        "netIncomeAfterTaxes": 203.3,
        "otherOperatingExpensesTotal": 0,
        "period": "2020-07-26",
        "pretaxIncome": 259.4,
        "provisionforIncomeTaxes": 56.1,
        "revenue": 2381.5,
        "sgaExpense": 181.1,
        "totalOperatingExpense": 181.1,
        "totalOtherIncomeExpenseNet": 0
      },
      {
        "costOfGoodsSold": 1945.1,
        "dilutedAverageSharesOutstanding": 546.4,
        "dilutedEPS": 0.42,
        "ebit": 283.5,
        "grossIncome": 477.4,
        "interestExpense": 3.497,
        "interestIncomeExpense": 3,
        "minorityInterest": 0.1,
        "netIncome": 227.7,
        "netIncomeAfterTaxes": 227.6,
        "otherOperatingExpensesTotal": 0,
        "period": "2020-04-26",
        "pretaxIncome": 286.5,
        "provisionforIncomeTaxes": 58.9,
        "revenue": 2422.5,
        "sgaExpense": 193.9,
        "totalOperatingExpense": 193.9
      },
      {
        "costOfGoodsSold": 1916,
        "dilutedAverageSharesOutstanding": 544.8,
        "dilutedEPS": 0.45,
        "ebit": 272.9,
        "grossIncome": 468.4,
        "interestExpense": 3.577,
        "interestIncomeExpense": 17.3,
        "minorityInterest": -0.1,
        "netIncome": 242.9,
        "netIncomeAfterTaxes": 243,
        "otherOperatingExpensesTotal": 0,
        "period": "2020-01-26",
        "pretaxIncome": 290.2,
        "provisionforIncomeTaxes": 47.2,
        "revenue": 2384.4,
        "sgaExpense": 195.5,
        "totalOperatingExpense": 195.5
      },
      {
        "costOfGoodsSold": 2007.8,
        "dilutedAverageSharesOutstanding": 543.8,
        "dilutedEPS": 0.47,
        "ebit": 309.9,
        "grossIncome": 493.7,
        "interestExpense": 3.095,
        "interestIncomeExpense": 13.8,
        "minorityInterest": -0.1,
        "netIncome": 255.5,
        "netIncomeAfterTaxes": 255.6,
        "nonRecurringItems": 0,
        "period": "2019-10-27",
        "pretaxIncome": 323.7,
        "provisionforIncomeTaxes": 68.1,
        "revenue": 2501.5,
        "sgaExpense": 183.8,
        "totalOperatingExpense": 183.8
      },
      {
        "costOfGoodsSold": 1857.3,
        "dilutedAverageSharesOutstanding": 543.7,
        "dilutedEPS": 0.37,
        "ebit": 253.3,
        "grossIncome": 433.4,
        "interestExpense": 3.213,
        "interestIncomeExpense": 7.7,
        "minorityInterest": 0,
        "netIncome": 199.4,
        "netIncomeAfterTaxes": 199.4,
        "period": "2019-07-28",
        "pretaxIncome": 261,
        "provisionforIncomeTaxes": 61.6,
        "revenue": 2290.7,
        "sgaExpense": 180.2,
        "totalOperatingExpense": 180.1
      },
      {
        "costOfGoodsSold": 1875.6,
        "dilutedAverageSharesOutstanding": 546.3,
        "dilutedEPS": 0.52,
        "ebit": 299.1,
        "grossIncome": 469.1,
        "interestExpense": 5.615,
        "interestIncomeExpense": 19,
        "minorityInterest": -0.2,
        "netIncome": 282.4,
        "netIncomeAfterTaxes": 282.6,
        "period": "2019-04-28",
        "pretaxIncome": 318,
        "provisionforIncomeTaxes": 35.4,
        "revenue": 2344.7,
        "sgaExpense": 170.1,
        "totalOperatingExpense": 170.1
      },
      {
        "costOfGoodsSold": 1872,
        "dilutedAverageSharesOutstanding": 547.1,
        "dilutedEPS": 0.44,
        "ebit": 294.7,
        "grossIncome": 488.3,
        "interestExpense": 6.147,
        "interestIncomeExpense": 12.2,
        "minorityInterest": -0.1,
        "netIncome": 241.4,
        "netIncomeAfterTaxes": 241.5,
        "period": "2019-01-27",
        "pretaxIncome": 307,
        "provisionforIncomeTaxes": 65.5,
        "revenue": 2360.4,
        "sgaExpense": 193.5,
        "totalOperatingExpense": 193.6
      },
      {
        "costOfGoodsSold": 1991.4,
        "dilutedAverageSharesOutstanding": 545.4,
        "dilutedEPS": 0.47,
        "ebit": 328.1,
        "grossIncome": 533.3,
        "interestExpense": 6.329,
        "interestIncomeExpense": 10.7,
        "minorityInterest": -0.1,
        "netIncome": 261.4,
        "netIncomeAfterTaxes": 188.6,
        "nonRecurringItems": -17.3,
        "period": "2018-10-28",
        "pretaxIncome": 321.5,
        "provisionforIncomeTaxes": 132.9,
        "revenue": 2524.7,
        "sgaExpense": 205.3,
        "totalOperatingExpense": 205.2
      },
      {
        "costOfGoodsSold": 1904.1,
        "dilutedAverageSharesOutstanding": 543.8,
        "dilutedEPS": 0.39,
        "ebit": 243.6,
        "grossIncome": 455,
        "interestExpense": 8.435,
        "interestIncomeExpense": 14.1,
        "minorityInterest": -0.1,
        "netIncome": 210.2,
        "netIncomeAfterTaxes": 210.4,
        "period": "2018-07-29",
        "pretaxIncome": 257.7,
        "provisionforIncomeTaxes": 47.4,
        "revenue": 2359.1,
        "sgaExpense": 211.5,
        "totalOperatingExpense": 211.5
      },
      {
        "costOfGoodsSold": 1837.8,
        "dilutedAverageSharesOutstanding": 542.8,
        "dilutedEPS": 0.44,
        "ebit": 288.2,
        "grossIncome": 492.8,
        "interestExpense": 7.001,
        "interestIncomeExpense": 8.6,
        "minorityInterest": -0.1,
        "netIncome": 237.4,
        "netIncomeAfterTaxes": 237.5,
        "period": "2018-04-29",
        "pretaxIncome": 296.9,
        "provisionforIncomeTaxes": 59.4,
        "revenue": 2330.6,
        "sgaExpense": 204.5,
        "totalOperatingExpense": 204.5
      },
      {
        "costOfGoodsSold": 1829.1,
        "dilutedAverageSharesOutstanding": 543.5,
        "dilutedEPS": 0.55,
        "ebit": 283.1,
        "grossIncome": 502.2,
        "interestExpense": 4.729,
        "interestIncomeExpense": 22.1,
        "minorityInterest": -0.1,
        "netIncome": 303.1,
        "netIncomeAfterTaxes": 240.4,
        "period": "2018-01-28",
        "pretaxIncome": 305.2,
        "provisionforIncomeTaxes": 64.8,
        "revenue": 2331.3,
        "sgaExpense": 219.1,
        "totalOperatingExpense": 219.1
      },
      {
        "costOfGoodsSold": 1987.6,
        "dilutedAverageSharesOutstanding": 538,
        "dilutedEPS": 0.41,
        "ebit": 313.6,
        "grossIncome": 505,
        "interestExpense": 3.577,
        "interestIncomeExpense": 16.6,
        "minorityInterest": -0.2,
        "netIncome": 218.2,
        "netIncomeAfterTaxes": 218.4,
        "nonRecurringItems": -0.2,
        "period": "2017-10-29",
        "pretaxIncome": 330,
        "provisionforIncomeTaxes": 111.6,
        "revenue": 2492.6,
        "sgaExpense": 191.4,
        "totalOperatingExpense": 191.4
      },
      {
        "costOfGoodsSold": 1755,
        "dilutedAverageSharesOutstanding": 538.8,
        "dilutedEPS": 0.34,
        "ebit": 275.7,
        "grossIncome": 452.4,
        "interestExpense": 3.057,
        "interestIncomeExpense": 2.3,
        "minorityInterest": 0,
        "netIncome": 182.5,
        "netIncomeAfterTaxes": 182.6,
        "nonRecurringItems": 0,
        "period": "2017-07-30",
        "pretaxIncome": 278,
        "provisionforIncomeTaxes": 95.5,
        "revenue": 2207.4,
        "sgaExpense": 176.7,
        "totalOperatingExpense": 176.7
      },
      {
        "costOfGoodsSold": 1700.4,
        "dilutedAverageSharesOutstanding": 539.6,
        "dilutedEPS": 0.39,
        "ebit": 305.9,
        "grossIncome": 486.9,
        "interestExpense": 3.023,
        "interestIncomeExpense": 9.9,
        "minorityInterest": 0,
        "netIncome": 210.9,
        "netIncomeAfterTaxes": 210.9,
        "nonRecurringItems": 0,
        "period": "2017-04-30",
        "pretaxIncome": 315.8,
        "provisionforIncomeTaxes": 104.9,
        "revenue": 2187.3,
        "sgaExpense": 181,
        "totalOperatingExpense": 181
      },
      {
        "costOfGoodsSold": 1727.9,
        "dilutedAverageSharesOutstanding": 540.1,
        "dilutedEPS": 0.44,
        "ebit": 342.1,
        "grossIncome": 552.3,
        "interestExpense": 3.026,
        "interestIncomeExpense": 12.7,
        "minorityInterest": -0.2,
        "netIncome": 235.1,
        "netIncomeAfterTaxes": 235.3,
        "period": "2017-01-29",
        "pretaxIncome": 354.8,
        "provisionforIncomeTaxes": 119.5,
        "revenue": 2280.2,
        "sgaExpense": 210.2,
        "totalOperatingExpense": 210.3
      },
      {
        "costOfGoodsSold": 2029.4,
        "dilutedAverageSharesOutstanding": 541.2,
        "dilutedEPS": 0.45,
        "ebit": 354.6,
        "grossIncome": 598.5,
        "interestExpense": 3.288,
        "interestIncomeExpense": 10.2,
        "minorityInterest": -0.3,
        "netIncome": 243.9,
        "netIncomeAfterTaxes": 244.2,
        "nonRecurringItems": 0,
        "period": "2016-10-30",
        "pretaxIncome": 364.7,
        "provisionforIncomeTaxes": 120.5,
        "revenue": 2627.9,
        "sgaExpense": 244,
        "totalOperatingExpense": 244
      },
      {
        "costOfGoodsSold": 1827.1,
        "dilutedAverageSharesOutstanding": 542.2,
        "dilutedEPS": 0.36,
        "ebit": 268.4,
        "grossIncome": 475.3,
        "interestExpense": 3.147,
        "interestIncomeExpense": 5.7,
        "minorityInterest": -0.1,
        "netIncome": 195.7,
        "netIncomeAfterTaxes": 195.8,
        "nonRecurringItems": 0,
        "period": "2016-07-24",
        "pretaxIncome": 274.1,
        "provisionforIncomeTaxes": 78.3,
        "revenue": 2302.4,
        "sgaExpense": 206.9,
        "totalOperatingExpense": 206.9
      },
      {
        "costOfGoodsSold": 1773.9,
        "dilutedAverageSharesOutstanding": 543.8,
        "dilutedEPS": 0.4,
        "ebit": 315.2,
        "grossIncome": 526.4,
        "interestExpense": 3.029,
        "interestIncomeExpense": 10,
        "minorityInterest": 0,
        "netIncome": 215.4,
        "netIncomeAfterTaxes": 215.4,
        "nonRecurringItems": -1,
        "period": "2016-04-24",
        "pretaxIncome": 324.2,
        "provisionforIncomeTaxes": 108.8,
        "revenue": 2300.2,
        "sgaExpense": 211.1,
        "totalOperatingExpense": 211.1
      },
      {
        "costOfGoodsSold": 1734.7,
        "dilutedAverageSharesOutstanding": 542.7,
        "dilutedEPS": 0.43,
        "ebit": 348,
        "grossIncome": 558,
        "interestExpense": 3.407,
        "interestIncomeExpense": 6.1,
        "minorityInterest": -0.1,
        "netIncome": 235.1,
        "netIncomeAfterTaxes": 235.2,
        "period": "2016-01-24",
        "pretaxIncome": 354.2,
        "provisionforIncomeTaxes": 119,
        "revenue": 2292.7,
        "sgaExpense": 209.9,
        "totalOperatingExpense": 209.9
      },
      {
        "costOfGoodsSold": 1905.8,
        "dilutedAverageSharesOutstanding": 541.8,
        "dilutedEPS": 0.35,
        "ebit": 306,
        "grossIncome": 495,
        "interestExpense": 3.821,
        "interestIncomeExpense": 4.7,
        "minorityInterest": -0.2,
        "netIncome": 187.2,
        "netIncomeAfterTaxes": 187.4,
        "nonRecurringItems": -21.5,
        "period": "2015-10-25",
        "pretaxIncome": 289.2,
        "provisionforIncomeTaxes": 101.7,
        "revenue": 2400.9,
        "sgaExpense": 189,
        "totalOperatingExpense": 189.1
      }
    ],
    "symbol": "HRL"
  }
}