{
  "symbol": "PCG",
  "statement": "ic",
  "frequency": "annual",
  "timestamp": "2025-09-19T14:05:29.287027",
  "data": {
    "financials": [
      {
        "costOfGoodsSold": 3453,
        "depreciationAmortization": 4189,
        "dilutedAverageSharesOutstanding": 2147,
        "dilutedEPS": 1.1528,
        "ebit": 4936,
        "grossIncome": 20966,
        "interestExpense": 3051,
        "interestIncomeExpense": -2447,
        "netIncome": 2475,
        "netIncomeAfterTaxes": 2512,
        "nonRecurringItems": -477,
        "operationsMaintenance": 11467,
        "otherOperatingExpensesTotal": 33,
        "period": "2024-12-31",
        "pretaxIncome": 2312,
        "provisionforIncomeTaxes": -200,
        "revenue": 24419,
        "sgaExpense": 341,
        "totalOperatingExpense": 16030,
        "totalOtherIncomeExpenseNet": 300,
        "year": 2024
      },
      {
        "costOfGoodsSold": 4197,
        "depreciationAmortization": 3738,
        "dilutedAverageSharesOutstanding": 2138,
        "dilutedEPS": 1.05,
        "ebit": 3302,
        "grossIncome": 20231,
        "interestExpense": 2850,
        "interestIncomeExpense": -2244,
        "netIncome": 2242,
        "netIncomeAfterTaxes": 2256,
        "nonRecurringItems": -631,
        "operationsMaintenance": 11288,
        "otherOperatingExpensesTotal": 1267,
        "period": "2023-12-31",
        "pretaxIncome": 699,
        "provisionforIncomeTaxes": -1557,
        "revenue": 24428,
        "sgaExpense": 636,
        "totalOperatingExpense": 16929,
        "totalOtherIncomeExpenseNet": 272,
        "year": 2023
      },
      {
        "costOfGoodsSold": 4856,
        "depreciationAmortization": 3856,
        "dilutedAverageSharesOutstanding": 2132,
        "dilutedEPS": 0.84,
        "ebit": 2631,
        "grossIncome": 16824,
        "interestExpense": 1917,
        "interestIncomeExpense": -1755,
        "netIncome": 1800,
        "netIncomeAfterTaxes": 1814,
        "nonRecurringItems": -794,
        "operationsMaintenance": 9586,
        "otherOperatingExpensesTotal": 608,
        "period": "2022-12-31",
        "pretaxIncome": 476,
        "provisionforIncomeTaxes": -1338,
        "revenue": 21680,
        "sgaExpense": 143,
        "totalOperatingExpense": 14193,
        "totalOtherIncomeExpenseNet": 394,
        "year": 2022
      },
      {
        "costOfGoodsSold": 4381,
        "depreciationAmortization": 3403,
        "dilutedAverageSharesOutstanding": 1985,
        "dilutedEPS": -0.05,
        "ebit": 2658,
        "grossIncome": 16261,
        "interestExpense": 1601,
        "interestIncomeExpense": -1581,
        "netIncome": -102,
        "netIncomeAfterTaxes": -88,
        "nonRecurringItems": -786,
        "operationsMaintenance": 10046,
        "period": "2021-12-31",
        "pretaxIncome": 748,
        "provisionforIncomeTaxes": 836,
        "revenue": 20642,
        "sgaExpense": 154,
        "totalOperatingExpense": 13603,
        "totalOtherIncomeExpenseNet": 457,
        "year": 2021
      },
      {
        "costOfGoodsSold": 3898,
        "depreciationAmortization": 3468,
        "dilutedAverageSharesOutstanding": 1257,
        "dilutedEPS": -1.05,
        "ebit": 2419,
        "grossIncome": 14571,
        "interestExpense": 1260,
        "interestIncomeExpense": -1221,
        "netIncome": -1318,
        "netIncomeAfterTaxes": -1304,
        "nonRecurringItems": -2623,
        "operationsMaintenance": 8684,
        "period": "2020-12-31",
        "pretaxIncome": -942,
        "provisionforIncomeTaxes": 362,
        "revenue": 18469,
        "totalOperatingExpense": 12152,
        "totalOtherIncomeExpenseNet": 483,
        "year": 2020
      },
      {
        "costOfGoodsSold": 3829,
        "depreciationAmortization": 3234,
        "dilutedAverageSharesOutstanding": 528,
        "dilutedEPS": -14.5,
        "ebit": 1341,
        "grossIncome": 13300,
        "interestExpense": 934,
        "interestIncomeExpense": -852,
        "netIncome": -7656,
        "netIncomeAfterTaxes": -7642,
        "nonRecurringItems": -11781,
        "operationsMaintenance": 8725,
        "period": "2019-12-31",
        "pretaxIncome": -11042,
        "provisionforIncomeTaxes": -3400,
        "revenue": 17129,
        "totalOperatingExpense": 11959,
        "totalOtherIncomeExpenseNet": 250,
        "year": 2019
      },
      {
        "costOfGoodsSold": 4499,
        "depreciationAmortization": 3036,
        "dilutedAverageSharesOutstanding": 517,
        "dilutedEPS": -13.25,
        "ebit": 2071,
        "grossIncome": 12260,
        "interestExpense": 929,
        "interestIncomeExpense": -853,
        "netIncome": -6851,
        "netIncomeAfterTaxes": -6850,
        "nonRecurringItems": -11771,
        "operationsMaintenance": 7153,
        "period": "2018-12-31",
        "pretaxIncome": -10129,
        "provisionforIncomeTaxes": -3279,
        "revenue": 16759,
        "totalOperatingExpense": 10189,
        "totalOtherIncomeExpenseNet": 424,
        "year": 2018
      },
      {
        "costOfGoodsSold": 5055,
        "depreciationAmortization": 2854,
        "dilutedAverageSharesOutstanding": 513,
        "dilutedEPS": 3.2,
        "ebit": 2905,
        "grossIncome": 12080,
        "interestExpense": 888,
        "interestIncomeExpense": -857,
        "netIncome": 1646,
        "netIncomeAfterTaxes": 1807,
        "nonRecurringItems": 0,
        "operationsMaintenance": 6321,
        "period": "2017-12-31",
        "pretaxIncome": 2171,
        "provisionforIncomeTaxes": 364,
        "revenue": 17135,
        "totalOperatingExpense": 9175,
        "totalOtherIncomeExpenseNet": 123,
        "year": 2017
      },
      {
        "costOfGoodsSold": 5380,
        "depreciationAmortization": 2755,
        "dilutedAverageSharesOutstanding": 501,
        "dilutedEPS": 2.78,
        "ebit": 2205,
        "grossIncome": 12286,
        "interestExpense": 829,
        "interestIncomeExpense": -806,
        "netIncome": 1393,
        "netIncomeAfterTaxes": 1407,
        "nonRecurringItems": -125,
        "operationsMaintenance": 7326,
        "period": "2016-12-31",
        "pretaxIncome": 1462,
        "provisionforIncomeTaxes": 55,
        "revenue": 17666,
        "totalOperatingExpense": 10081,
        "totalOtherIncomeExpenseNet": 188,
        "year": 2016
      },
      {
        "costOfGoodsSold": 5762,
        "depreciationAmortization": 2612,
        "dilutedAverageSharesOutstanding": 487,
        "dilutedEPS": 1.79,
        "ebit": 1508,
        "grossIncome": 11071,
        "interestExpense": 773,
        "interestIncomeExpense": -764,
        "netIncome": 874,
        "netIncomeAfterTaxes": 888,
        "operationsMaintenance": 6951,
        "period": "2015-12-31",
        "pretaxIncome": 861,
        "provisionforIncomeTaxes": -27,
        "revenue": 16833,
        "totalOperatingExpense": 9563,
        "totalOtherIncomeExpenseNet": 117,
        "year": 2015
      }
    ],
    "symbol": "PCG"
  }
}