{
  "symbol": "SCHW",
  "statement": "ic",
  "frequency": "annual",
  "timestamp": "2025-09-19T13:57:44.541768",
  "data": {
    "financials": [
      {
        "costOfGoodsSold": 6393,
        "depreciationAmortization": 1416,
        "dilutedAverageSharesOutstanding": 1834,
        "dilutedEPS": 2.98,
        "ebit": 7877,
        "grossIncome": 19606,
        "netIncome": 5478,
        "netIncomeAfterTaxes": 5942,
        "nonRecurringItems": -185,
        "otherOperatingExpensesTotal": 1298,
        "period": "2024-12-31",
        "pretaxIncome": 7692,
        "provisionforIncomeTaxes": 1750,
        "revenue": 25999,
        "sgaExpense": 9015,
        "totalOperatingExpense": 11729,
        "year": 2024
      },
      {
        "costOfGoodsSold": 6684,
        "depreciationAmortization": 1338,
        "dilutedAverageSharesOutstanding": 1831,
        "dilutedEPS": 2.53,
        "ebit": 6728,
        "grossIncome": 18837,
        "netIncome": 4649,
        "netIncomeAfterTaxes": 5067,
        "nonRecurringItems": -350,
        "otherOperatingExpensesTotal": 1468,
        "period": "2023-12-31",
        "pretaxIncome": 6378,
        "provisionforIncomeTaxes": 1311,
        "revenue": 25521,
        "sgaExpense": 9303,
        "totalOperatingExpense": 12109,
        "year": 2023
      },
      {
        "costOfGoodsSold": 1545,
        "depreciationAmortization": 1248,
        "dilutedAverageSharesOutstanding": 1961,
        "dilutedEPS": 3.38,
        "ebit": 9769,
        "grossIncome": 20762,
        "netIncome": 6635,
        "netIncomeAfterTaxes": 7183,
        "nonRecurringItems": -381,
        "otherOperatingExpensesTotal": 976,
        "period": "2022-12-31",
        "pretaxIncome": 9388,
        "provisionforIncomeTaxes": 2205,
        "revenue": 22307,
        "sgaExpense": 8769,
        "totalOperatingExpense": 10993,
        "year": 2022
      },
      {
        "costOfGoodsSold": 476,
        "depreciationAmortization": 1164,
        "dilutedAverageSharesOutstanding": 1976,
        "dilutedEPS": 2.71,
        "ebit": 8167,
        "grossIncome": 18520,
        "netIncome": 5360,
        "netIncomeAfterTaxes": 5855,
        "nonRecurringItems": -454,
        "otherOperatingExpensesTotal": 1151,
        "period": "2021-12-31",
        "pretaxIncome": 7713,
        "provisionforIncomeTaxes": 1858,
        "revenue": 18996,
        "sgaExpense": 8038,
        "totalOperatingExpense": 10353,
        "year": 2021
      },
      {
        "costOfGoodsSold": 418,
        "depreciationAmortization": 604,
        "dilutedAverageSharesOutstanding": 1435,
        "dilutedEPS": 2.12,
        "ebit": 4723,
        "grossIncome": 11691,
        "netIncome": 3043,
        "netIncomeAfterTaxes": 3299,
        "nonRecurringItems": -423,
        "otherOperatingExpensesTotal": 578,
        "period": "2020-12-31",
        "pretaxIncome": 4300,
        "provisionforIncomeTaxes": 1001,
        "revenue": 12109,
        "sgaExpense": 5786,
        "totalOperatingExpense": 6968,
        "year": 2020
      },
      {
        "costOfGoodsSold": 1064,
        "depreciationAmortization": 349,
        "dilutedAverageSharesOutstanding": 1320,
        "dilutedEPS": 2.67,
        "ebit": 4848,
        "grossIncome": 10721,
        "netIncome": 3526,
        "netIncomeAfterTaxes": 3704,
        "otherOperatingExpensesTotal": 383,
        "period": "2019-12-31",
        "pretaxIncome": 4848,
        "provisionforIncomeTaxes": 1144,
        "revenue": 11785,
        "sgaExpense": 5141,
        "totalOperatingExpense": 5873,
        "year": 2019
      },
      {
        "costOfGoodsSold": 857,
        "depreciationAmortization": 306,
        "dilutedAverageSharesOutstanding": 1361,
        "dilutedEPS": 2.45,
        "ebit": 4562,
        "grossIncome": 10132,
        "netIncome": 3329,
        "netIncomeAfterTaxes": 3507,
        "otherOperatingExpensesTotal": 502,
        "period": "2018-12-31",
        "pretaxIncome": 4562,
        "provisionforIncomeTaxes": 1055,
        "revenue": 10989,
        "sgaExpense": 4762,
        "totalOperatingExpense": 5570,
        "year": 2018
      },
      {
        "costOfGoodsSold": 342,
        "depreciationAmortization": 269,
        "dilutedAverageSharesOutstanding": 1353,
        "dilutedEPS": 1.61,
        "ebit": 3650,
        "grossIncome": 8618,
        "netIncome": 2180,
        "netIncomeAfterTaxes": 2400,
        "otherOperatingExpensesTotal": 447,
        "period": "2017-12-31",
        "pretaxIncome": 3650,
        "provisionforIncomeTaxes": 1250,
        "revenue": 8960,
        "sgaExpense": 4252,
        "totalOperatingExpense": 4968,
        "year": 2017
      },
      {
        "costOfGoodsSold": 171,
        "depreciationAmortization": 234,
        "dilutedAverageSharesOutstanding": 1334,
        "dilutedEPS": 1.31,
        "ebit": 2993,
        "grossIncome": 7473,
        "netIncome": 1746,
        "netIncomeAfterTaxes": 1889,
        "nonRecurringItems": 0,
        "otherOperatingExpensesTotal": 374,
        "period": "2016-12-31",
        "pretaxIncome": 2993,
        "provisionforIncomeTaxes": 1104,
        "revenue": 7644,
        "sgaExpense": 3872,
        "totalOperatingExpense": 4480,
        "year": 2016
      },
      {
        "costOfGoodsSold": 132,
        "depreciationAmortization": 224,
        "dilutedAverageSharesOutstanding": 1327,
        "dilutedEPS": 1.03,
        "ebit": 2279,
        "grossIncome": 6369,
        "netIncome": 1364,
        "netIncomeAfterTaxes": 1447,
        "nonRecurringItems": 0,
        "otherOperatingExpensesTotal": 331,
        "period": "2015-12-31",
        "pretaxIncome": 2279,
        "provisionforIncomeTaxes": 832,
        "revenue": 6501,
        "sgaExpense": 3535,
        "totalOperatingExpense": 4090,
        "year": 2015
      }
    ],
    "symbol": "SCHW"
  }
}