{
  "symbol": "UAL",
  "statement": "ic",
  "frequency": "annual",
  "timestamp": "2025-09-19T14:07:58.555434",
  "data": {
    "financials": [
      {
        "costOfGoodsSold": 20965,
        "depreciationAmortization": 2928,
        "dilutedAverageSharesOutstanding": 333.2,
        "dilutedEPS": 9.45,
        "ebit": 5208,
        "grossIncome": 36098,
        "interestExpense": 1402,
        "interestIncomeExpense": -875,
        "netIncome": 3149,
        "netIncomeAfterTaxes": 3149,
        "nonRecurringItems": -112,
        "otherOperatingExpensesTotal": 8818,
        "period": "2024-12-31",
        "pretaxIncome": 4168,
        "provisionforIncomeTaxes": 1019,
        "revenue": 57063,
        "sgaExpense": 19144,
        "totalOperatingExpense": 30890,
        "totalOtherIncomeExpenseNet": -53,
        "year": 2024
      },
      {
        "costOfGoodsSold": 21060,
        "depreciationAmortization": 2671,
        "dilutedAverageSharesOutstanding": 331.9,
        "dilutedEPS": 7.89,
        "ebit": 5160,
        "grossIncome": 32657,
        "interestExpense": 1774,
        "interestIncomeExpense": -920,
        "netIncome": 2618,
        "netIncomeAfterTaxes": 2618,
        "nonRecurringItems": -949,
        "otherOperatingExpensesTotal": 7841,
        "period": "2023-12-31",
        "pretaxIncome": 3387,
        "provisionforIncomeTaxes": 769,
        "revenue": 53717,
        "sgaExpense": 16985,
        "totalOperatingExpense": 27497,
        "totalOtherIncomeExpenseNet": 96,
        "year": 2023
      },
      {
        "costOfGoodsSold": 20393,
        "depreciationAmortization": 2456,
        "dilutedAverageSharesOutstanding": 330.1,
        "dilutedEPS": 2.23,
        "ebit": 2477,
        "grossIncome": 24562,
        "interestExpense": 1673,
        "interestIncomeExpense": -1355,
        "netIncome": 737,
        "netIncomeAfterTaxes": 737,
        "nonRecurringItems": -140,
        "otherOperatingExpensesTotal": 6463,
        "period": "2022-12-31",
        "pretaxIncome": 990,
        "provisionforIncomeTaxes": 253,
        "revenue": 44955,
        "sgaExpense": 13166,
        "totalOperatingExpense": 22085,
        "totalOtherIncomeExpenseNet": 8,
        "year": 2022
      },
      {
        "costOfGoodsSold": 11862,
        "depreciationAmortization": 2485,
        "dilutedAverageSharesOutstanding": 321.9,
        "dilutedEPS": -6.1,
        "ebit": -4389,
        "grossIncome": 12772,
        "interestExpense": 1577,
        "interestIncomeExpense": -1575,
        "netIncome": -1964,
        "netIncomeAfterTaxes": -1964,
        "nonRecurringItems": 3367,
        "otherOperatingExpensesTotal": 4334,
        "period": "2021-12-31",
        "pretaxIncome": -2557,
        "provisionforIncomeTaxes": -593,
        "revenue": 24634,
        "sgaExpense": 10342,
        "totalOperatingExpense": 17161,
        "totalOtherIncomeExpenseNet": 40,
        "year": 2021
      },
      {
        "costOfGoodsSold": 8375,
        "depreciationAmortization": 2488,
        "dilutedAverageSharesOutstanding": 279.4,
        "dilutedEPS": -25.3,
        "ebit": -8975,
        "grossIncome": 6980,
        "interestExpense": 992,
        "interestIncomeExpense": -1136,
        "netIncome": -7069,
        "netIncomeAfterTaxes": -7069,
        "nonRecurringItems": 2616,
        "otherOperatingExpensesTotal": 3399,
        "period": "2020-12-31",
        "pretaxIncome": -8822,
        "provisionforIncomeTaxes": -1753,
        "revenue": 15355,
        "sgaExpense": 10068,
        "totalOperatingExpense": 15955,
        "totalOtherIncomeExpenseNet": -1327,
        "year": 2020
      },
      {
        "costOfGoodsSold": 16427,
        "depreciationAmortization": 2288,
        "dilutedAverageSharesOutstanding": 259.9,
        "dilutedEPS": 11.58,
        "ebit": 4547,
        "grossIncome": 26832,
        "interestExpense": 646,
        "interestIncomeExpense": -360,
        "netIncome": 3009,
        "netIncomeAfterTaxes": 3009,
        "nonRecurringItems": -246,
        "otherOperatingExpensesTotal": 6063,
        "period": "2019-12-31",
        "pretaxIncome": 3914,
        "provisionforIncomeTaxes": 905,
        "revenue": 43259,
        "sgaExpense": 13934,
        "totalOperatingExpense": 22285,
        "totalOtherIncomeExpenseNet": -27,
        "year": 2019
      },
      {
        "costOfGoodsSold": 16605,
        "depreciationAmortization": 2165,
        "dilutedAverageSharesOutstanding": 276.7,
        "dilutedEPS": 7.65,
        "ebit": 3716,
        "grossIncome": 24698,
        "interestExpense": 605,
        "interestIncomeExpense": -509,
        "netIncome": 2122,
        "netIncomeAfterTaxes": 2117,
        "nonRecurringItems": -487,
        "otherOperatingExpensesTotal": 5590,
        "period": "2018-12-31",
        "pretaxIncome": 2648,
        "provisionforIncomeTaxes": 531,
        "revenue": 41303,
        "sgaExpense": 13227,
        "totalOperatingExpense": 20982,
        "totalOtherIncomeExpenseNet": -72,
        "year": 2018
      },
      {
        "costOfGoodsSold": 13968,
        "depreciationAmortization": 2096,
        "dilutedAverageSharesOutstanding": 303.6,
        "dilutedEPS": 7.05,
        "ebit": 3794,
        "grossIncome": 23816,
        "interestExpense": 552,
        "interestIncomeExpense": -495,
        "netIncome": 2143,
        "netIncomeAfterTaxes": 1954,
        "nonRecurringItems": -176,
        "otherOperatingExpensesTotal": 5333,
        "period": "2017-12-31",
        "pretaxIncome": 3023,
        "provisionforIncomeTaxes": 1069,
        "revenue": 37784,
        "sgaExpense": 12593,
        "totalOperatingExpense": 20022,
        "totalOtherIncomeExpenseNet": -100,
        "year": 2017
      },
      {
        "costOfGoodsSold": 12604,
        "depreciationAmortization": 1977,
        "dilutedAverageSharesOutstanding": 330.3,
        "dilutedEPS": 6.76,
        "ebit": 5089,
        "grossIncome": 23954,
        "interestExpense": 602,
        "interestIncomeExpense": -560,
        "netIncome": 2234,
        "netIncomeAfterTaxes": 2234,
        "nonRecurringItems": -745,
        "otherOperatingExpensesTotal": 5097,
        "period": "2016-12-31",
        "pretaxIncome": 3773,
        "provisionforIncomeTaxes": 1539,
        "revenue": 36558,
        "sgaExpense": 11791,
        "totalOperatingExpense": 18865,
        "totalOtherIncomeExpenseNet": -11,
        "year": 2016
      },
      {
        "costOfGoodsSold": 14420,
        "depreciationAmortization": 1819,
        "dilutedAverageSharesOutstanding": 377,
        "dilutedEPS": 19.46,
        "ebit": 5492,
        "grossIncome": 23444,
        "interestExpense": 620,
        "interestIncomeExpense": -595,
        "netIncome": 7340,
        "netIncomeAfterTaxes": 4210,
        "nonRecurringItems": -326,
        "otherOperatingExpensesTotal": 4877,
        "period": "2015-12-31",
        "pretaxIncome": 4219,
        "provisionforIncomeTaxes": 9,
        "revenue": 37864,
        "sgaExpense": 11256,
        "totalOperatingExpense": 17952,
        "totalOtherIncomeExpenseNet": -352,
        "year": 2015
      }
    ],
    "symbol": "UAL"
  }
}