{
  "symbol": "DXCM",
  "statement": "ic",
  "frequency": "quarterly",
  "timestamp": "2025-09-19T13:59:06.867164",
  "data": {
    "financials": [
      {
        "costOfGoodsSold": 468.3,
        "dilutedAverageSharesOutstanding": 408.2,
        "dilutedEPS": 0.4405,
        "ebit": 212.6,
        "grossIncome": 688.8,
        "interestExpense": 4.7,
        "interestIncomeExpense": 23.3,
        "netIncome": 179.8,
        "netIncomeAfterTaxes": 179.8,
        "period": "2025-06-30",
        "pretaxIncome": 241.1,
        "provisionforIncomeTaxes": 61.3,
        "researchDevelopment": 148.2,
        "revenue": 1157.1,
        "sgaExpense": 328,
        "totalOperatingExpense": 476.2,
        "totalOtherIncomeExpenseNet": 5.2
      },
      {
        "costOfGoodsSold": 447,
        "dilutedAverageSharesOutstanding": 407.5,
        "dilutedEPS": 0.2587,
        "ebit": 133.7,
        "grossIncome": 589,
        "interestExpense": 4.7,
        "interestIncomeExpense": 23.8,
        "netIncome": 105.4,
        "netIncomeAfterTaxes": 105.4,
        "period": "2025-03-31",
        "pretaxIncome": 154.3,
        "provisionforIncomeTaxes": 48.9,
        "researchDevelopment": 145.2,
        "revenue": 1036,
        "sgaExpense": 310.1,
        "totalOperatingExpense": 455.3,
        "totalOtherIncomeExpenseNet": -3.2
      },
      {
        "costOfGoodsSold": 404.2,
        "dilutedAverageSharesOutstanding": 406.7,
        "dilutedEPS": 0.373,
        "ebit": 242.4,
        "grossIncome": 709.3,
        "interestExpense": 4.9,
        "interestIncomeExpense": 24.8,
        "netIncome": 151.7,
        "netIncomeAfterTaxes": 151.7,
        "nonRecurringItems": -53.5,
        "period": "2024-12-31",
        "pretaxIncome": 211.3,
        "provisionforIncomeTaxes": 59.6,
        "researchDevelopment": 139.5,
        "revenue": 1113.5,
        "sgaExpense": 327.4,
        "totalOperatingExpense": 466.9,
        "totalOtherIncomeExpenseNet": -2.4
      },
      {
        "costOfGoodsSold": 400.4,
        "dilutedAverageSharesOutstanding": 410.2,
        "dilutedEPS": 0.3281,
        "ebit": 152,
        "grossIncome": 593.8,
        "interestExpense": 4.7,
        "interestIncomeExpense": 27.3,
        "netIncome": 134.6,
        "netIncomeAfterTaxes": 134.6,
        "period": "2024-09-30",
        "pretaxIncome": 177.4,
        "provisionforIncomeTaxes": 42.8,
        "researchDevelopment": 135.4,
        "revenue": 994.2,
        "sgaExpense": 306.4,
        "totalOperatingExpense": 441.8,
        "totalOtherIncomeExpenseNet": -1.9
      },
      {
        "costOfGoodsSold": 377.6,
        "dilutedAverageSharesOutstanding": 416.8,
        "dilutedEPS": 0.3443,
        "ebit": 158,
        "grossIncome": 626.7,
        "interestExpense": 4.8,
        "interestIncomeExpense": 31.4,
        "netIncome": 143.5,
        "netIncomeAfterTaxes": 143.5,
        "period": "2024-06-30",
        "pretaxIncome": 187.8,
        "provisionforIncomeTaxes": 44.3,
        "researchDevelopment": 136,
        "revenue": 1004.3,
        "sgaExpense": 332.7,
        "totalOperatingExpense": 468.7,
        "totalOtherIncomeExpenseNet": -1.6
      },
      {
        "costOfGoodsSold": 359.1,
        "dilutedAverageSharesOutstanding": 416.7,
        "dilutedEPS": 0.3513,
        "ebit": 101.1,
        "grossIncome": 561.9,
        "interestExpense": 4.6,
        "interestIncomeExpense": 31.7,
        "netIncome": 146.4,
        "netIncomeAfterTaxes": 146.4,
        "period": "2024-03-31",
        "pretaxIncome": 132.5,
        "provisionforIncomeTaxes": -13.9,
        "researchDevelopment": 141.5,
        "revenue": 921,
        "sgaExpense": 319.3,
        "totalOperatingExpense": 460.8,
        "totalOtherIncomeExpenseNet": -0.3
      },
      {
        "costOfGoodsSold": 361.3,
        "depreciationAmortization": 2.9,
        "dilutedAverageSharesOutstanding": 417.1,
        "dilutedEPS": 0.6145,
        "ebit": 233.5,
        "grossIncome": 673.2,
        "interestExpense": 4.9,
        "interestIncomeExpense": 29.8,
        "netIncome": 256.3,
        "netIncomeAfterTaxes": 256.3,
        "nonRecurringItems": -16.6,
        "otherOperatingExpensesTotal": 0,
        "period": "2023-12-31",
        "pretaxIncome": 246.2,
        "provisionforIncomeTaxes": -10.1,
        "researchDevelopment": 136.1,
        "revenue": 1034.5,
        "sgaExpense": 300.7,
        "totalOperatingExpense": 439.7,
        "totalOtherIncomeExpenseNet": -0.5
      },
      {
        "costOfGoodsSold": 351.7,
        "depreciationAmortization": 1.7,
        "dilutedAverageSharesOutstanding": 426.8,
        "dilutedEPS": 0.28,
        "ebit": 205.5,
        "grossIncome": 623.3,
        "interestExpense": 4.9,
        "interestIncomeExpense": 1,
        "netIncome": 120.7,
        "netIncomeAfterTaxes": 120.7,
        "period": "2023-09-30",
        "pretaxIncome": 240.4,
        "provisionforIncomeTaxes": 119.7,
        "researchDevelopment": 131.4,
        "revenue": 975,
        "sgaExpense": 284.7,
        "totalOperatingExpense": 417.8,
        "totalOtherIncomeExpenseNet": 33.9
      },
      {
        "costOfGoodsSold": 324.9,
        "depreciationAmortization": 1.7,
        "dilutedAverageSharesOutstanding": 431.5,
        "dilutedEPS": 0.27,
        "ebit": 128.1,
        "grossIncome": 546.4,
        "interestExpense": 5.9,
        "interestIncomeExpense": 31.2,
        "netIncome": 115.9,
        "netIncomeAfterTaxes": 115.9,
        "period": "2023-06-30",
        "pretaxIncome": 159.3,
        "provisionforIncomeTaxes": 43.4,
        "researchDevelopment": 119.3,
        "revenue": 871.3,
        "sgaExpense": 297.3,
        "totalOperatingExpense": 418.3
      },
      {
        "costOfGoodsSold": 278.9,
        "depreciationAmortization": 1.8,
        "dilutedAverageSharesOutstanding": 418.5,
        "dilutedEPS": 0.12,
        "ebit": 47.2,
        "grossIncome": 462.6,
        "interestExpense": 4.6,
        "interestIncomeExpense": 17.3,
        "netIncome": 48.6,
        "netIncomeAfterTaxes": 48.6,
        "period": "2023-03-31",
        "pretaxIncome": 64.5,
        "provisionforIncomeTaxes": 15.9,
        "researchDevelopment": 119,
        "revenue": 741.5,
        "sgaExpense": 294.6,
        "totalOperatingExpense": 415.4
      },
      {
        "costOfGoodsSold": 260,
        "depreciationAmortization": 1.8,
        "dilutedAverageSharesOutstanding": 426,
        "dilutedEPS": 0.22,
        "ebit": 139.3,
        "grossIncome": 555.2,
        "interestExpense": 4.7,
        "interestIncomeExpense": 7.8,
        "netIncome": 91.8,
        "netIncomeAfterTaxes": 91.8,
        "nonRecurringItems": -13.9,
        "period": "2022-12-31",
        "pretaxIncome": 133.2,
        "provisionforIncomeTaxes": 41.4,
        "researchDevelopment": 116.3,
        "revenue": 815.2,
        "sgaExpense": 297.8,
        "totalOperatingExpense": 415.9
      },
      {
        "costOfGoodsSold": 275.4,
        "depreciationAmortization": 1.8,
        "dilutedAverageSharesOutstanding": 425.8,
        "dilutedEPS": 0.24,
        "ebit": 147.5,
        "grossIncome": 494.2,
        "interestExpense": 4.6,
        "interestIncomeExpense": -1.3,
        "netIncome": 101.2,
        "netIncomeAfterTaxes": 101.2,
        "period": "2022-09-30",
        "pretaxIncome": 146.2,
        "provisionforIncomeTaxes": 45,
        "researchDevelopment": 110.3,
        "revenue": 769.6,
        "sgaExpense": 234.6,
        "totalOperatingExpense": 346.7
      },
      {
        "costOfGoodsSold": 246.7,
        "depreciationAmortization": 1.9,
        "dilutedAverageSharesOutstanding": 421.4,
        "dilutedEPS": 0.12,
        "ebit": 77,
        "grossIncome": 449.5,
        "interestExpense": 4.7,
        "interestIncomeExpense": -1.7,
        "netIncome": 50.9,
        "netIncomeAfterTaxes": 50.9,
        "period": "2022-06-30",
        "pretaxIncome": 75.3,
        "provisionforIncomeTaxes": 24.4,
        "researchDevelopment": 121.7,
        "revenue": 696.2,
        "sgaExpense": 248.9,
        "totalOperatingExpense": 372.5
      },
      {
        "costOfGoodsSold": 230.7,
        "dilutedAverageSharesOutstanding": 428.8,
        "dilutedEPS": 0.23,
        "ebit": 41.3,
        "grossIncome": 398.1,
        "interestExpense": 4.6,
        "interestIncomeExpense": -5.2,
        "netIncome": 97.3,
        "netIncomeAfterTaxes": 97.3,
        "period": "2022-03-31",
        "pretaxIncome": 36.1,
        "provisionforIncomeTaxes": -61.2,
        "researchDevelopment": 135.9,
        "revenue": 628.8,
        "sgaExpense": 220.9,
        "totalOperatingExpense": 356.8
      },
      {
        "costOfGoodsSold": 197.5,
        "depreciationAmortization": 1.4,
        "dilutedAverageSharesOutstanding": 388.1,
        "dilutedEPS": -0.01,
        "ebit": 28.7,
        "grossIncome": 500.7,
        "interestExpense": 4.7,
        "interestIncomeExpense": 5.9,
        "netIncome": -5.3,
        "netIncomeAfterTaxes": -5.3,
        "nonRecurringItems": -28.2,
        "period": "2021-12-31",
        "pretaxIncome": 6.4,
        "provisionforIncomeTaxes": 11.7,
        "researchDevelopment": 236.9,
        "revenue": 698.2,
        "sgaExpense": 233.7,
        "totalOperatingExpense": 472
      },
      {
        "costOfGoodsSold": 203.3,
        "depreciationAmortization": 1.3,
        "dilutedAverageSharesOutstanding": 430.3,
        "dilutedEPS": 0.2,
        "ebit": 118.3,
        "grossIncome": 446.9,
        "interestExpense": 4.6,
        "interestIncomeExpense": -6.3,
        "netIncome": 87.3,
        "netIncomeAfterTaxes": 87.3,
        "period": "2021-09-30",
        "pretaxIncome": 112,
        "provisionforIncomeTaxes": 24.7,
        "researchDevelopment": 128.8,
        "revenue": 650.2,
        "sgaExpense": 198.5,
        "totalOperatingExpense": 328.6
      },
      {
        "costOfGoodsSold": 178,
        "dilutedAverageSharesOutstanding": 444.5,
        "dilutedEPS": 0.18,
        "ebit": 101,
        "grossIncome": 417.1,
        "interestExpense": 4.8,
        "interestIncomeExpense": -3.9,
        "netIncome": 78.4,
        "netIncomeAfterTaxes": 78.4,
        "period": "2021-06-30",
        "pretaxIncome": 97.1,
        "provisionforIncomeTaxes": 18.7,
        "researchDevelopment": 129.1,
        "revenue": 595.1,
        "sgaExpense": 186,
        "totalOperatingExpense": 316.1
      },
      {
        "costOfGoodsSold": 161.1,
        "dilutedAverageSharesOutstanding": 418.4,
        "dilutedEPS": 0.14,
        "ebit": 45.9,
        "grossIncome": 343.9,
        "interestExpense": 4.7,
        "interestIncomeExpense": -4.6,
        "netIncome": 56.5,
        "netIncomeAfterTaxes": 56.5,
        "period": "2021-03-31",
        "pretaxIncome": 41.3,
        "provisionforIncomeTaxes": -15.2,
        "researchDevelopment": 109.4,
        "revenue": 505,
        "sgaExpense": 188.6,
        "totalOperatingExpense": 298
      },
      {
        "costOfGoodsSold": 158.6,
        "dilutedAverageSharesOutstanding": 518.8,
        "dilutedEPS": 0.79,
        "ebit": 115.2,
        "grossIncome": 410.3,
        "interestIncomeExpense": 44.3,
        "netIncome": 411.3,
        "netIncomeAfterTaxes": 411.3,
        "nonRecurringItems": -5.3,
        "otherOperatingExpensesTotal": 2.5,
        "period": "2020-12-31",
        "pretaxIncome": 154.2,
        "provisionforIncomeTaxes": -257.1,
        "researchDevelopment": 119.2,
        "revenue": 568.9,
        "sgaExpense": 173.4,
        "totalOperatingExpense": 295.1
      },
      {
        "costOfGoodsSold": 154.1,
        "dilutedAverageSharesOutstanding": 398,
        "dilutedEPS": 0.18,
        "ebit": 100.5,
        "grossIncome": 346.8,
        "interestExpense": 24.4,
        "interestIncomeExpense": -18.5,
        "netIncome": 72.2,
        "netIncomeAfterTaxes": 72.2,
        "nonRecurringItems": -6.9,
        "period": "2020-09-30",
        "pretaxIncome": 75.1,
        "provisionforIncomeTaxes": 2.9,
        "researchDevelopment": 87.7,
        "revenue": 500.9,
        "sgaExpense": 158.6,
        "totalOperatingExpense": 246.3
      },
      {
        "costOfGoodsSold": 166,
        "dilutedAverageSharesOutstanding": 388,
        "dilutedEPS": 0.12,
        "ebit": 69.5,
        "grossIncome": 285.8,
        "interestExpense": 20.3,
        "interestIncomeExpense": -16.2,
        "netIncome": 46.3,
        "netIncomeAfterTaxes": 46.3,
        "nonRecurringItems": -7.1,
        "period": "2020-06-30",
        "pretaxIncome": 46.2,
        "provisionforIncomeTaxes": -0.1,
        "researchDevelopment": 79.9,
        "revenue": 451.8,
        "sgaExpense": 136.4,
        "totalOperatingExpense": 216.3
      },
      {
        "costOfGoodsSold": 143.5,
        "dilutedAverageSharesOutstanding": 376.4,
        "dilutedEPS": 0.05,
        "ebit": 38.7,
        "grossIncome": 261.6,
        "interestExpense": 15.4,
        "interestIncomeExpense": -11.2,
        "netIncome": 19.9,
        "netIncomeAfterTaxes": 19.9,
        "nonRecurringItems": -5.1,
        "period": "2020-03-31",
        "pretaxIncome": 22.4,
        "provisionforIncomeTaxes": 2.5,
        "researchDevelopment": 73.1,
        "revenue": 405.1,
        "sgaExpense": 149.8,
        "totalOperatingExpense": 222.9
      },
      {
        "costOfGoodsSold": 149.5,
        "dilutedAverageSharesOutstanding": 370.4,
        "dilutedEPS": 0.25,
        "ebit": 105.5,
        "grossIncome": 313.3,
        "interestExpense": 15.3,
        "interestIncomeExpense": -7.2,
        "netIncome": 92.7,
        "netIncomeAfterTaxes": 92.7,
        "nonRecurringItems": -4,
        "period": "2019-12-31",
        "pretaxIncome": 94.3,
        "provisionforIncomeTaxes": 1.6,
        "researchDevelopment": 78.8,
        "revenue": 462.8,
        "sgaExpense": 129,
        "totalOperatingExpense": 207.8
      },
      {
        "costOfGoodsSold": 142.6,
        "dilutedAverageSharesOutstanding": 370,
        "dilutedEPS": 0.12,
        "ebit": 62.8,
        "grossIncome": 253.7,
        "interestExpense": 15.1,
        "interestIncomeExpense": -10.2,
        "netIncome": 45.8,
        "netIncomeAfterTaxes": 45.8,
        "nonRecurringItems": -6.8,
        "period": "2019-09-30",
        "pretaxIncome": 45.8,
        "provisionforIncomeTaxes": 0,
        "researchDevelopment": 66.7,
        "revenue": 396.3,
        "sgaExpense": 124.2,
        "totalOperatingExpense": 190.9
      },
      {
        "costOfGoodsSold": 128.2,
        "dilutedAverageSharesOutstanding": 364.4,
        "dilutedEPS": -0.03,
        "ebit": 0.9,
        "grossIncome": 208.2,
        "interestExpense": 15,
        "interestIncomeExpense": -8.5,
        "netIncome": -10.5,
        "netIncomeAfterTaxes": -10.5,
        "nonRecurringItems": -1.7,
        "period": "2019-06-30",
        "pretaxIncome": -9.3,
        "provisionforIncomeTaxes": 1.2,
        "researchDevelopment": 69,
        "revenue": 336.4,
        "sgaExpense": 138.3,
        "totalOperatingExpense": 207.3
      },
      {
        "costOfGoodsSold": 110.1,
        "dilutedAverageSharesOutstanding": 361.2,
        "dilutedEPS": -0.07,
        "ebit": -12.8,
        "grossIncome": 170.4,
        "interestExpense": 14.9,
        "interestIncomeExpense": -12.2,
        "netIncome": -26.9,
        "netIncomeAfterTaxes": -26.9,
        "nonRecurringItems": -1.6,
        "period": "2019-03-31",
        "pretaxIncome": -26.6,
        "provisionforIncomeTaxes": 0.3,
        "researchDevelopment": 59,
        "revenue": 280.5,
        "sgaExpense": 124.2,
        "totalOperatingExpense": 183.2
      },
      {
        "costOfGoodsSold": 115.2,
        "dilutedAverageSharesOutstanding": 355.2,
        "dilutedEPS": -0.51,
        "ebit": -164.6,
        "grossIncome": 222.8,
        "interestExpense": 8.2,
        "interestIncomeExpense": -16.9,
        "netIncome": -179.7,
        "netIncomeAfterTaxes": -180.1,
        "period": "2018-12-31",
        "pretaxIncome": -176.9,
        "provisionforIncomeTaxes": 3.2,
        "researchDevelopment": 275.3,
        "revenue": 338,
        "sgaExpense": 112.1,
        "totalOperatingExpense": 387.4,
        "totalOtherIncomeExpenseNet": 4.6
      },
      {
        "costOfGoodsSold": 98.1,
        "dilutedAverageSharesOutstanding": 361.2,
        "dilutedEPS": 0.13,
        "ebit": 13.9,
        "grossIncome": 168.6,
        "interestExpense": 4.9,
        "interestIncomeExpense": 32.5,
        "netIncome": 46.6,
        "netIncomeAfterTaxes": 46.6,
        "period": "2018-09-30",
        "pretaxIncome": 44.8,
        "provisionforIncomeTaxes": -1.8,
        "researchDevelopment": 50.1,
        "revenue": 266.7,
        "sgaExpense": 104.6,
        "totalOperatingExpense": 154.7,
        "totalOtherIncomeExpenseNet": -1.6
      },
      {
        "costOfGoodsSold": 88.9,
        "dilutedAverageSharesOutstanding": 357.6,
        "dilutedEPS": 0.08,
        "ebit": -4.9,
        "grossIncome": 153.6,
        "interestExpense": 4.8,
        "interestIncomeExpense": 40.1,
        "netIncome": 30.2,
        "netIncomeAfterTaxes": 30.2,
        "period": "2018-06-30",
        "pretaxIncome": 29.6,
        "provisionforIncomeTaxes": -0.6,
        "researchDevelopment": 47.2,
        "revenue": 242.5,
        "sgaExpense": 111.3,
        "totalOperatingExpense": 158.5,
        "totalOtherIncomeExpenseNet": -5.6
      },
      {
        "costOfGoodsSold": 65.5,
        "dilutedAverageSharesOutstanding": 349.2,
        "dilutedEPS": -0.07,
        "ebit": -30.7,
        "grossIncome": 118.9,
        "interestExpense": 4.8,
        "interestIncomeExpense": 4.1,
        "netIncome": -24.2,
        "netIncomeAfterTaxes": -24.2,
        "period": "2018-03-31",
        "pretaxIncome": -24,
        "provisionforIncomeTaxes": 0.2,
        "researchDevelopment": 44.8,
        "revenue": 184.4,
        "sgaExpense": 104.8,
        "totalOperatingExpense": 149.6,
        "totalOtherIncomeExpenseNet": 2.6
      },
      {
        "costOfGoodsSold": 67.5,
        "dilutedAverageSharesOutstanding": 347.6,
        "dilutedEPS": -0.02,
        "ebit": 12,
        "grossIncome": 153.5,
        "interestExpense": 4.7,
        "interestIncomeExpense": -3.3,
        "netIncome": -9.4,
        "netIncomeAfterTaxes": 96.3,
        "period": "2017-12-31",
        "pretaxIncome": 8.6,
        "provisionforIncomeTaxes": -87.7,
        "researchDevelopment": 48.7,
        "revenue": 221,
        "sgaExpense": 92.8,
        "totalOperatingExpense": 141.5,
        "totalOtherIncomeExpenseNet": -0.1
      },
      {
        "costOfGoodsSold": 57.6,
        "dilutedAverageSharesOutstanding": 346.8,
        "dilutedEPS": -0.01,
        "ebit": -0.5,
        "grossIncome": 127,
        "interestExpense": 4.5,
        "interestIncomeExpense": -3.3,
        "netIncome": -2,
        "netIncomeAfterTaxes": -2,
        "period": "2017-09-30",
        "pretaxIncome": -2.5,
        "provisionforIncomeTaxes": -0.5,
        "researchDevelopment": 43.3,
        "revenue": 184.6,
        "sgaExpense": 84.2,
        "totalOperatingExpense": 127.5,
        "totalOtherIncomeExpenseNet": 1.3
      },
      {
        "costOfGoodsSold": 53.1,
        "dilutedAverageSharesOutstanding": 345.6,
        "dilutedEPS": 0.01,
        "ebit": -13.6,
        "grossIncome": 117.5,
        "interestExpense": 3.1,
        "interestIncomeExpense": -2.6,
        "netIncome": 2.9,
        "netIncomeAfterTaxes": 2.9,
        "period": "2017-06-30",
        "pretaxIncome": -14.4,
        "provisionforIncomeTaxes": -17.3,
        "researchDevelopment": 45.3,
        "revenue": 170.6,
        "sgaExpense": 85.8,
        "totalOperatingExpense": 131.1,
        "totalOtherIncomeExpenseNet": 1.8
      },
      {
        "costOfGoodsSold": 48.2,
        "dilutedAverageSharesOutstanding": 340.8,
        "dilutedEPS": -0.12,
        "ebit": -40.4,
        "grossIncome": 94.1,
        "interestExpense": 0.5,
        "interestIncomeExpense": -0.3,
        "netIncome": -41.7,
        "netIncomeAfterTaxes": -41.7,
        "period": "2017-03-31",
        "pretaxIncome": -40.3,
        "provisionforIncomeTaxes": 1.4,
        "researchDevelopment": 48.1,
        "revenue": 142.3,
        "sgaExpense": 86.4,
        "totalOperatingExpense": 134.5,
        "totalOtherIncomeExpenseNet": 0.4
      },
      {
        "costOfGoodsSold": 54.5,
        "dilutedAverageSharesOutstanding": 338,
        "dilutedEPS": -0.02,
        "ebit": -6.1,
        "grossIncome": 116.7,
        "interestExpense": 0.3,
        "interestIncomeExpense": -0.2,
        "netIncome": -7.4,
        "netIncomeAfterTaxes": -7.4,
        "period": "2016-12-31",
        "pretaxIncome": -7,
        "provisionforIncomeTaxes": 0.4,
        "researchDevelopment": 43.7,
        "revenue": 171.2,
        "sgaExpense": 79.1,
        "totalOperatingExpense": 122.8,
        "totalOtherIncomeExpenseNet": -0.7
      },
      {
        "costOfGoodsSold": 47.5,
        "dilutedAverageSharesOutstanding": 336.4,
        "dilutedEPS": -0.06,
        "ebit": -18.5,
        "grossIncome": 101.1,
        "interestExpense": 0.2,
        "interestIncomeExpense": -0.1,
        "netIncome": -18.8,
        "netIncomeAfterTaxes": -18.8,
        "period": "2016-09-30",
        "pretaxIncome": -18.6,
        "provisionforIncomeTaxes": 0.2,
        "researchDevelopment": 43.9,
        "revenue": 148.6,
        "sgaExpense": 75.7,
        "totalOperatingExpense": 119.6
      },
      {
        "costOfGoodsSold": 51.8,
        "dilutedAverageSharesOutstanding": 334.4,
        "dilutedEPS": -0.06,
        "ebit": -20.1,
        "grossIncome": 85.5,
        "interestExpense": 0.1,
        "interestIncomeExpense": 0,
        "netIncome": -20.2,
        "netIncomeAfterTaxes": -20.2,
        "period": "2016-06-30",
        "pretaxIncome": -20.1,
        "provisionforIncomeTaxes": 0.1,
        "researchDevelopment": 36.3,
        "revenue": 137.3,
        "sgaExpense": 69.3,
        "totalOperatingExpense": 105.6
      },
      {
        "costOfGoodsSold": 41.1,
        "dilutedAverageSharesOutstanding": 328.4,
        "dilutedEPS": -0.06,
        "ebit": -19.2,
        "grossIncome": 75.1,
        "interestExpense": 0.1,
        "interestIncomeExpense": 0,
        "netIncome": -19.2,
        "netIncomeAfterTaxes": -19.2,
        "period": "2016-03-31",
        "pretaxIncome": -19.2,
        "researchDevelopment": 32.2,
        "revenue": 116.2,
        "sgaExpense": 62.1,
        "totalOperatingExpense": 94.3
      },
      {
        "costOfGoodsSold": 39.6,
        "dilutedAverageSharesOutstanding": 326.4,
        "dilutedEPS": 0,
        "ebit": 1.6,
        "grossIncome": 91.2,
        "interestIncomeExpense": 0,
        "netIncome": 1.5,
        "netIncomeAfterTaxes": 1.5,
        "period": "2015-12-31",
        "pretaxIncome": 1.6,
        "provisionforIncomeTaxes": 0.1,
        "researchDevelopment": 28.5,
        "revenue": 130.8,
        "sgaExpense": 61.1,
        "totalOperatingExpense": 89.6
      },
      {
        "costOfGoodsSold": 30.5,
        "dilutedAverageSharesOutstanding": 322,
        "dilutedEPS": -0.13,
        "ebit": -42.4,
        "grossIncome": 74.7,
        "interestExpense": 0.1,
        "interestIncomeExpense": -0.1,
        "netIncome": -42.5,
        "netIncomeAfterTaxes": -42.5,
        "period": "2015-09-30",
        "pretaxIncome": -42.5,
        "researchDevelopment": 64.8,
        "revenue": 105.2,
        "sgaExpense": 52.3,
        "totalOperatingExpense": 117.1
      }
    ],
    "symbol": "DXCM"
  }
}