{
  "symbol": "JBHT",
  "statement": "ic",
  "frequency": "annual",
  "timestamp": "2025-09-19T14:02:24.241088",
  "data": {
    "financials": [
      {
        "costOfGoodsSold": 9758.28,
        "depreciationAmortization": 761.141,
        "dilutedAverageSharesOutstanding": 102.754,
        "dilutedEPS": 5.56,
        "ebit": 831.225,
        "grossIncome": 2328.924,
        "interestExpense": 79.02,
        "interestIncomeExpense": -71.709,
        "netIncome": 570.886,
        "netIncomeAfterTaxes": 570.886,
        "otherOperatingExpensesTotal": 386.211,
        "period": "2024-12-31",
        "pretaxIncome": 759.516,
        "provisionforIncomeTaxes": 188.63,
        "revenue": 12087.204,
        "sgaExpense": 350.347,
        "totalOperatingExpense": 1497.699,
        "year": 2024
      },
      {
        "costOfGoodsSold": 10390.926,
        "depreciationAmortization": 737.954,
        "dilutedAverageSharesOutstanding": 104.451,
        "dilutedEPS": 6.97,
        "ebit": 993.196,
        "grossIncome": 2438.739,
        "interestExpense": 65.933,
        "interestIncomeExpense": -58.309,
        "netIncome": 728.287,
        "netIncomeAfterTaxes": 728.287,
        "otherOperatingExpensesTotal": 390.674,
        "period": "2023-12-31",
        "pretaxIncome": 934.887,
        "provisionforIncomeTaxes": 206.6,
        "revenue": 12829.665,
        "sgaExpense": 316.915,
        "totalOperatingExpense": 1445.543,
        "year": 2023
      },
      {
        "costOfGoodsSold": 12199.505,
        "depreciationAmortization": 644.52,
        "dilutedAverageSharesOutstanding": 105.276,
        "dilutedEPS": 9.21,
        "ebit": 1332.453,
        "grossIncome": 2614.494,
        "interestExpense": 51.249,
        "interestIncomeExpense": -50.18,
        "netIncome": 969.351,
        "netIncomeAfterTaxes": 969.351,
        "nonRecurringItems": -0.9,
        "otherOperatingExpensesTotal": 386.353,
        "period": "2022-12-31",
        "pretaxIncome": 1281.373,
        "provisionforIncomeTaxes": 312.022,
        "revenue": 14813.999,
        "sgaExpense": 251.168,
        "totalOperatingExpense": 1282.041,
        "year": 2022
      },
      {
        "costOfGoodsSold": 10110.684,
        "depreciationAmortization": 557.093,
        "dilutedAverageSharesOutstanding": 106.593,
        "dilutedEPS": 7.14,
        "ebit": 1045.53,
        "grossIncome": 2057.618,
        "interestExpense": 46.251,
        "interestIncomeExpense": -45.758,
        "netIncome": 760.806,
        "netIncomeAfterTaxes": 760.806,
        "otherOperatingExpensesTotal": 224.514,
        "period": "2021-12-31",
        "pretaxIncome": 999.772,
        "provisionforIncomeTaxes": 238.966,
        "revenue": 12168.302,
        "sgaExpense": 230.481,
        "totalOperatingExpense": 1012.088,
        "year": 2021
      },
      {
        "costOfGoodsSold": 7993.672,
        "depreciationAmortization": 527.375,
        "dilutedAverageSharesOutstanding": 106.766,
        "dilutedEPS": 4.74,
        "ebit": 713.119,
        "grossIncome": 1642.901,
        "interestExpense": 47.58,
        "interestIncomeExpense": -47.094,
        "netIncome": 506.035,
        "netIncomeAfterTaxes": 506.035,
        "otherOperatingExpensesTotal": 188.813,
        "period": "2020-12-31",
        "pretaxIncome": 666.025,
        "provisionforIncomeTaxes": 159.99,
        "revenue": 9636.573,
        "sgaExpense": 213.594,
        "totalOperatingExpense": 929.782,
        "year": 2020
      },
      {
        "costOfGoodsSold": 7492.971,
        "depreciationAmortization": 499.145,
        "dilutedAverageSharesOutstanding": 108.307,
        "dilutedEPS": 4.77,
        "ebit": 733.825,
        "grossIncome": 1672.287,
        "interestExpense": 54.684,
        "interestIncomeExpense": -52.93,
        "netIncome": 516.32,
        "netIncomeAfterTaxes": 516.32,
        "otherOperatingExpensesTotal": 212.587,
        "period": "2019-12-31",
        "pretaxIncome": 680.895,
        "provisionforIncomeTaxes": 164.575,
        "revenue": 9165.258,
        "sgaExpense": 226.73,
        "totalOperatingExpense": 938.462,
        "year": 2019
      },
      {
        "costOfGoodsSold": 7123.293,
        "depreciationAmortization": 435.893,
        "dilutedAverageSharesOutstanding": 110.428,
        "dilutedEPS": 4.43,
        "ebit": 681.021,
        "grossIncome": 1491.581,
        "interestExpense": 40.427,
        "interestIncomeExpense": -40.203,
        "netIncome": 489.585,
        "netIncomeAfterTaxes": 492.804,
        "otherOperatingExpensesTotal": 180.486,
        "period": "2018-12-31",
        "pretaxIncome": 640.818,
        "provisionforIncomeTaxes": 148.014,
        "revenue": 8614.874,
        "sgaExpense": 194.181,
        "totalOperatingExpense": 810.56,
        "year": 2018
      },
      {
        "costOfGoodsSold": 5863.996,
        "depreciationAmortization": 383.518,
        "dilutedAverageSharesOutstanding": 111.049,
        "dilutedEPS": 6.17,
        "ebit": 623.789,
        "grossIncome": 1325.572,
        "interestExpense": 28.785,
        "interestIncomeExpense": -28.55,
        "netIncome": 686.263,
        "netIncomeAfterTaxes": 995.463,
        "otherOperatingExpensesTotal": 168.404,
        "period": "2017-12-31",
        "pretaxIncome": 595.239,
        "provisionforIncomeTaxes": -400.224,
        "revenue": 7189.568,
        "sgaExpense": 149.861,
        "totalOperatingExpense": 701.783,
        "year": 2017
      },
      {
        "costOfGoodsSold": 5241.539,
        "depreciationAmortization": 361.51,
        "dilutedAverageSharesOutstanding": 113.361,
        "dilutedEPS": 3.81,
        "ebit": 721.02,
        "grossIncome": 1313.92,
        "interestExpense": 25.294,
        "interestIncomeExpense": -25.223,
        "netIncome": 432.09,
        "netIncomeAfterTaxes": 432.09,
        "otherOperatingExpensesTotal": 124.364,
        "period": "2016-12-31",
        "pretaxIncome": 695.797,
        "provisionforIncomeTaxes": 263.707,
        "revenue": 6555.459,
        "sgaExpense": 107.026,
        "totalOperatingExpense": 592.9,
        "year": 2016
      },
      {
        "costOfGoodsSold": 4922.456,
        "depreciationAmortization": 339.613,
        "dilutedAverageSharesOutstanding": 116.728,
        "dilutedEPS": 3.66,
        "ebit": 715.694,
        "grossIncome": 1265.19,
        "interestExpense": 25.577,
        "interestIncomeExpense": -25.491,
        "netIncome": 427.235,
        "netIncomeAfterTaxes": 427.235,
        "otherOperatingExpensesTotal": 116.773,
        "period": "2015-12-31",
        "pretaxIncome": 690.203,
        "provisionforIncomeTaxes": 262.968,
        "revenue": 6187.646,
        "sgaExpense": 93.11,
        "totalOperatingExpense": 549.496,
        "year": 2015
      }
    ],
    "symbol": "JBHT"
  }
}