{
  "symbol": "WBD",
  "statement": "ic",
  "frequency": "quarterly",
  "timestamp": "2025-09-19T14:08:38.278957",
  "data": {
    "financials": [
      {
        "costOfGoodsSold": 5939,
        "depreciationAmortization": 1447,
        "dilutedAverageSharesOutstanding": 2499,
        "dilutedEPS": 0.6323,
        "ebit": -51,
        "grossIncome": 3873,
        "interestExpense": 463,
        "interestIncomeExpense": -327,
        "minorityInterest": -8,
        "netIncome": 1580,
        "netIncomeAfterTaxes": 1588,
        "nonRecurringItems": 2824,
        "period": "2025-06-30",
        "pretaxIncome": 2454,
        "provisionforIncomeTaxes": 866,
        "revenue": 9812,
        "sgaExpense": 2477,
        "totalOperatingExpense": 3924,
        "totalOtherIncomeExpenseNet": 8
      },
      {
        "costOfGoodsSold": 5096,
        "depreciationAmortization": 1547,
        "dilutedAverageSharesOutstanding": 2462,
        "dilutedEPS": -0.184,
        "ebit": 142,
        "grossIncome": 3883,
        "interestExpense": 468,
        "interestIncomeExpense": -397,
        "minorityInterest": -4,
        "netIncome": -453,
        "netIncomeAfterTaxes": -449,
        "nonRecurringItems": -183,
        "period": "2025-03-31",
        "pretaxIncome": -434,
        "provisionforIncomeTaxes": 15,
        "revenue": 8979,
        "sgaExpense": 2194,
        "totalOperatingExpense": 3741,
        "totalOtherIncomeExpenseNet": 4
      },
      {
        "costOfGoodsSold": 5292,
        "depreciationAmortization": 1643,
        "dilutedAverageSharesOutstanding": 2453,
        "dilutedEPS": -0.2014,
        "ebit": 874,
        "grossIncome": 4735,
        "interestExpense": 490,
        "interestIncomeExpense": -591,
        "minorityInterest": 146,
        "netIncome": -494,
        "netIncomeAfterTaxes": -640,
        "nonRecurringItems": -670,
        "period": "2024-12-31",
        "pretaxIncome": -356,
        "provisionforIncomeTaxes": 284,
        "revenue": 10027,
        "sgaExpense": 2218,
        "totalOperatingExpense": 3861,
        "totalOtherIncomeExpenseNet": 31
      },
      {
        "costOfGoodsSold": 5036,
        "depreciationAmortization": 1762,
        "dilutedAverageSharesOutstanding": 2470,
        "dilutedEPS": 0.0547,
        "ebit": 440,
        "grossIncome": 4587,
        "interestExpense": 494,
        "interestIncomeExpense": -485,
        "minorityInterest": -6,
        "netIncome": 135,
        "netIncomeAfterTaxes": 141,
        "nonRecurringItems": -136,
        "period": "2024-09-30",
        "pretaxIncome": -178,
        "provisionforIncomeTaxes": -319,
        "revenue": 9623,
        "sgaExpense": 2385,
        "totalOperatingExpense": 4147,
        "totalOtherIncomeExpenseNet": 3
      },
      {
        "costOfGoodsSold": 6152,
        "depreciationAmortization": 1744,
        "dilutedAverageSharesOutstanding": 2451,
        "dilutedEPS": -4.0743,
        "ebit": -644,
        "grossIncome": 3561,
        "interestExpense": 518,
        "interestIncomeExpense": -357,
        "minorityInterest": 42,
        "netIncome": -9986,
        "netIncomeAfterTaxes": -10028,
        "nonRecurringItems": -9022,
        "period": "2024-06-30",
        "pretaxIncome": -10035,
        "provisionforIncomeTaxes": -7,
        "revenue": 9713,
        "sgaExpense": 2461,
        "totalOperatingExpense": 4205,
        "totalOtherIncomeExpenseNet": -12
      },
      {
        "costOfGoodsSold": 5932,
        "depreciationAmortization": 1888,
        "dilutedAverageSharesOutstanding": 2443,
        "dilutedEPS": -0.3954,
        "ebit": -94,
        "grossIncome": 4026,
        "interestExpense": 515,
        "interestIncomeExpense": -571,
        "minorityInterest": -11,
        "netIncome": -966,
        "netIncomeAfterTaxes": -955,
        "nonRecurringItems": -148,
        "period": "2024-03-31",
        "pretaxIncome": -819,
        "provisionforIncomeTaxes": 136,
        "revenue": 9958,
        "sgaExpense": 2232,
        "totalOperatingExpense": 4120,
        "totalOtherIncomeExpenseNet": -6
      },
      {
        "costOfGoodsSold": 5885,
        "depreciationAmortization": 2024,
        "dilutedAverageSharesOutstanding": 2436,
        "dilutedEPS": -0.1642,
        "ebit": -80,
        "grossIncome": 4399,
        "interestExpense": 502,
        "interestIncomeExpense": -410,
        "minorityInterest": -8,
        "netIncome": -400,
        "netIncomeAfterTaxes": -392,
        "nonRecurringItems": -102,
        "period": "2023-12-31",
        "pretaxIncome": -613,
        "provisionforIncomeTaxes": -221,
        "revenue": 10284,
        "sgaExpense": 2455,
        "totalOperatingExpense": 4479,
        "totalOtherIncomeExpenseNet": -21
      },
      {
        "costOfGoodsSold": 5118,
        "depreciationAmortization": 1989,
        "dilutedAverageSharesOutstanding": 2438,
        "dilutedEPS": -0.17,
        "ebit": 581,
        "grossIncome": 4861,
        "interestExpense": 574,
        "interestIncomeExpense": -632,
        "minorityInterest": -10,
        "netIncome": -417,
        "netIncomeAfterTaxes": -407,
        "nonRecurringItems": -462,
        "period": "2023-09-30",
        "pretaxIncome": -532,
        "provisionforIncomeTaxes": -125,
        "revenue": 9979,
        "sgaExpense": 2291,
        "totalOperatingExpense": 4280,
        "totalOtherIncomeExpenseNet": -19
      },
      {
        "costOfGoodsSold": 6608,
        "depreciationAmortization": 1914,
        "dilutedAverageSharesOutstanding": 2437,
        "dilutedEPS": -0.51,
        "ebit": -726,
        "grossIncome": 3750,
        "interestExpense": 574,
        "interestIncomeExpense": -611,
        "minorityInterest": -20,
        "netIncome": -1240,
        "netIncomeAfterTaxes": -1220,
        "nonRecurringItems": -185,
        "period": "2023-06-30",
        "pretaxIncome": -1480,
        "provisionforIncomeTaxes": -260,
        "revenue": 10358,
        "sgaExpense": 2562,
        "totalOperatingExpense": 4476,
        "totalOtherIncomeExpenseNet": 42
      },
      {
        "costOfGoodsSold": 6589,
        "depreciationAmortization": 2058,
        "dilutedAverageSharesOutstanding": 2432,
        "dilutedEPS": -0.44,
        "ebit": -335,
        "grossIncome": 4111,
        "interestExpense": 571,
        "interestIncomeExpense": -737,
        "minorityInterest": -9,
        "netIncome": -1069,
        "netIncomeAfterTaxes": -1060,
        "nonRecurringItems": -222,
        "period": "2023-03-31",
        "pretaxIncome": -1238,
        "provisionforIncomeTaxes": -178,
        "revenue": 10700,
        "sgaExpense": 2388,
        "totalOperatingExpense": 4446,
        "totalOtherIncomeExpenseNet": 56
      },
      {
        "costOfGoodsSold": 6954,
        "depreciationAmortization": 2169,
        "dilutedAverageSharesOutstanding": 2435,
        "dilutedEPS": -0.86,
        "ebit": -626,
        "grossIncome": 4054,
        "interestExpense": 558,
        "interestIncomeExpense": -693,
        "minorityInterest": -22,
        "netIncome": -2101,
        "netIncomeAfterTaxes": -2079,
        "nonRecurringItems": -1268,
        "period": "2022-12-31",
        "pretaxIncome": -2541,
        "provisionforIncomeTaxes": -462,
        "revenue": 11008,
        "sgaExpense": 2511,
        "totalOperatingExpense": 4680,
        "totalOtherIncomeExpenseNet": 46
      },
      {
        "costOfGoodsSold": 4718,
        "depreciationAmortization": 2233,
        "dilutedAverageSharesOutstanding": 2428,
        "dilutedEPS": -0.95,
        "ebit": 283,
        "grossIncome": 5105,
        "interestExpense": 555,
        "interestIncomeExpense": -696,
        "minorityInterest": -23,
        "netIncome": -2308,
        "netIncomeAfterTaxes": -2285,
        "nonRecurringItems": -2473,
        "period": "2022-09-30",
        "pretaxIncome": -2851,
        "provisionforIncomeTaxes": -566,
        "revenue": 9823,
        "sgaExpense": 2589,
        "totalOperatingExpense": 4822,
        "totalOtherIncomeExpenseNet": 35
      },
      {
        "costOfGoodsSold": 6123,
        "depreciationAmortization": 2266,
        "dilutedAverageSharesOutstanding": 2286,
        "dilutedEPS": -1.5,
        "ebit": -2100,
        "grossIncome": 3704,
        "interestExpense": 511,
        "interestIncomeExpense": -596,
        "minorityInterest": -10,
        "netIncome": -3418,
        "netIncomeAfterTaxes": -3408,
        "nonRecurringItems": -1539,
        "period": "2022-06-30",
        "pretaxIncome": -4244,
        "provisionforIncomeTaxes": -836,
        "revenue": 9827,
        "sgaExpense": 3538,
        "totalOperatingExpense": 5804,
        "totalOtherIncomeExpenseNet": -9
      },
      {
        "costOfGoodsSold": 1232,
        "depreciationAmortization": 525,
        "dilutedAverageSharesOutstanding": 665,
        "dilutedEPS": 0.61,
        "ebit": 362,
        "grossIncome": 1927,
        "interestExpense": 153,
        "interestIncomeExpense": 323,
        "minorityInterest": -19,
        "netIncome": 407,
        "netIncomeAfterTaxes": 475,
        "nonRecurringItems": -9,
        "period": "2022-03-31",
        "pretaxIncome": 676,
        "provisionforIncomeTaxes": 201,
        "revenue": 3159,
        "sgaExpense": 1040,
        "totalOperatingExpense": 1565
      },
      {
        "costOfGoodsSold": 1065,
        "depreciationAmortization": 539,
        "dilutedAverageSharesOutstanding": 661,
        "dilutedEPS": 0.08,
        "ebit": 514,
        "grossIncome": 2122,
        "interestExpense": 154,
        "interestIncomeExpense": -331,
        "minorityInterest": -53,
        "netIncome": 42,
        "netIncomeAfterTaxes": 91,
        "nonRecurringItems": -6,
        "period": "2021-12-31",
        "pretaxIncome": 183,
        "provisionforIncomeTaxes": 92,
        "revenue": 3187,
        "sgaExpense": 1069,
        "totalOperatingExpense": 1608,
        "totalOtherIncomeExpenseNet": 6
      },
      {
        "costOfGoodsSold": 1527,
        "depreciationAmortization": 341,
        "dilutedAverageSharesOutstanding": 663,
        "dilutedEPS": 0.18,
        "ebit": 338,
        "grossIncome": 1623,
        "interestExpense": 159,
        "interestIncomeExpense": -91,
        "minorityInterest": -41,
        "netIncome": 120,
        "netIncomeAfterTaxes": 197,
        "nonRecurringItems": -15,
        "period": "2021-09-30",
        "pretaxIncome": 233,
        "provisionforIncomeTaxes": 36,
        "revenue": 3150,
        "sgaExpense": 944,
        "totalOperatingExpense": 1285,
        "totalOtherIncomeExpenseNet": 1
      },
      {
        "costOfGoodsSold": 1054,
        "depreciationAmortization": 341,
        "dilutedAverageSharesOutstanding": 664,
        "dilutedEPS": 0.77,
        "ebit": 715,
        "grossIncome": 2008,
        "interestExpense": 157,
        "interestIncomeExpense": -59,
        "minorityInterest": -46,
        "netIncome": 515,
        "netIncomeAfterTaxes": 718,
        "nonRecurringItems": 63,
        "period": "2021-06-30",
        "pretaxIncome": 720,
        "provisionforIncomeTaxes": 2,
        "revenue": 3062,
        "sgaExpense": 952,
        "totalOperatingExpense": 1293,
        "totalOtherIncomeExpenseNet": 1
      },
      {
        "costOfGoodsSold": 969,
        "depreciationAmortization": 361,
        "dilutedAverageSharesOutstanding": 667,
        "dilutedEPS": 0.15,
        "ebit": 411,
        "grossIncome": 1823,
        "interestExpense": 163,
        "interestIncomeExpense": -96,
        "minorityInterest": -51,
        "netIncome": 106,
        "netIncomeAfterTaxes": 191,
        "nonRecurringItems": -18,
        "period": "2021-03-31",
        "pretaxIncome": 297,
        "provisionforIncomeTaxes": 106,
        "revenue": 2792,
        "sgaExpense": 1051,
        "totalOperatingExpense": 1412
      },
      {
        "costOfGoodsSold": 1089,
        "depreciationAmortization": 358,
        "dilutedAverageSharesOutstanding": 657,
        "dilutedEPS": 0.31,
        "ebit": 630,
        "grossIncome": 1797,
        "interestExpense": 173,
        "interestIncomeExpense": -65,
        "minorityInterest": -47,
        "netIncome": 205,
        "netIncomeAfterTaxes": 318,
        "nonRecurringItems": -150,
        "period": "2020-12-31",
        "pretaxIncome": 416,
        "provisionforIncomeTaxes": 98,
        "revenue": 2886,
        "sgaExpense": 809,
        "totalOperatingExpense": 1167,
        "totalOtherIncomeExpenseNet": 1
      },
      {
        "costOfGoodsSold": 1002,
        "depreciationAmortization": 341,
        "dilutedAverageSharesOutstanding": 672,
        "dilutedEPS": 0.33,
        "ebit": 585,
        "grossIncome": 1559,
        "interestExpense": 171,
        "interestIncomeExpense": -196,
        "minorityInterest": -30,
        "netIncome": 223,
        "netIncomeAfterTaxes": 330,
        "nonRecurringItems": -70,
        "period": "2020-09-30",
        "pretaxIncome": 319,
        "provisionforIncomeTaxes": -11,
        "revenue": 2561,
        "sgaExpense": 633,
        "totalOperatingExpense": 974,
        "totalOtherIncomeExpenseNet": 0
      },
      {
        "costOfGoodsSold": 804,
        "depreciationAmortization": 334,
        "dilutedAverageSharesOutstanding": 674,
        "dilutedEPS": 0.3,
        "ebit": 768,
        "grossIncome": 1737,
        "interestExpense": 172,
        "interestIncomeExpense": -189,
        "minorityInterest": -29,
        "netIncome": 205,
        "netIncomeAfterTaxes": 300,
        "nonRecurringItems": -122,
        "period": "2020-06-30",
        "pretaxIncome": 456,
        "provisionforIncomeTaxes": 156,
        "revenue": 2541,
        "sgaExpense": 635,
        "totalOperatingExpense": 969,
        "totalOtherIncomeExpenseNet": -1
      },
      {
        "costOfGoodsSold": 917,
        "depreciationAmortization": 326,
        "dilutedAverageSharesOutstanding": 685,
        "dilutedEPS": 0.41,
        "ebit": 795,
        "grossIncome": 1766,
        "interestExpense": 175,
        "interestIncomeExpense": -240,
        "minorityInterest": -30,
        "netIncome": 286,
        "netIncomeAfterTaxes": 407,
        "nonRecurringItems": -16,
        "period": "2020-03-31",
        "pretaxIncome": 537,
        "provisionforIncomeTaxes": 130,
        "revenue": 2683,
        "sgaExpense": 645,
        "totalOperatingExpense": 971,
        "totalOtherIncomeExpenseNet": -2
      },
      {
        "costOfGoodsSold": 977,
        "depreciationAmortization": 333,
        "dilutedAverageSharesOutstanding": 702,
        "dilutedEPS": 0.5,
        "ebit": 771,
        "grossIncome": 1897,
        "interestExpense": 173,
        "interestIncomeExpense": -141,
        "minorityInterest": -35,
        "netIncome": 358,
        "netIncomeAfterTaxes": 511,
        "nonRecurringItems": -66,
        "period": "2019-12-31",
        "pretaxIncome": 563,
        "provisionforIncomeTaxes": 52,
        "revenue": 2874,
        "sgaExpense": 793,
        "totalOperatingExpense": 1126,
        "totalOtherIncomeExpenseNet": -1
      },
      {
        "costOfGoodsSold": 910,
        "depreciationAmortization": 322,
        "dilutedAverageSharesOutstanding": 713,
        "dilutedEPS": 0.26,
        "ebit": 786,
        "grossIncome": 1768,
        "interestExpense": 179,
        "interestIncomeExpense": -175,
        "minorityInterest": -35,
        "netIncome": 188,
        "netIncomeAfterTaxes": 297,
        "nonRecurringItems": -167,
        "period": "2019-09-30",
        "pretaxIncome": 444,
        "provisionforIncomeTaxes": 147,
        "revenue": 2678,
        "sgaExpense": 660,
        "totalOperatingExpense": 982,
        "totalOtherIncomeExpenseNet": 0
      },
      {
        "costOfGoodsSold": 935,
        "depreciationAmortization": 320,
        "dilutedAverageSharesOutstanding": 721,
        "dilutedEPS": 0.97,
        "ebit": 921,
        "grossIncome": 1950,
        "interestExpense": 180,
        "interestIncomeExpense": -169,
        "minorityInterest": -40,
        "netIncome": 706,
        "netIncomeAfterTaxes": 987,
        "nonRecurringItems": -33,
        "period": "2019-06-30",
        "pretaxIncome": 716,
        "provisionforIncomeTaxes": -271,
        "revenue": 2885,
        "sgaExpense": 709,
        "totalOperatingExpense": 1029,
        "totalOtherIncomeExpenseNet": -3
      },
      {
        "costOfGoodsSold": 930,
        "depreciationAmortization": 372,
        "dilutedAverageSharesOutstanding": 714,
        "dilutedEPS": 0.39,
        "ebit": 779,
        "grossIncome": 1777,
        "interestExpense": 189,
        "interestIncomeExpense": -206,
        "minorityInterest": -34,
        "netIncome": 279,
        "netIncomeAfterTaxes": 418,
        "nonRecurringItems": -10,
        "period": "2019-03-31",
        "pretaxIncome": 571,
        "provisionforIncomeTaxes": 153,
        "revenue": 2707,
        "sgaExpense": 626,
        "totalOperatingExpense": 998,
        "totalOtherIncomeExpenseNet": 8
      },
      {
        "costOfGoodsSold": 861,
        "depreciationAmortization": 397,
        "dilutedAverageSharesOutstanding": 715,
        "dilutedEPS": 0.27,
        "ebit": 894,
        "grossIncome": 1948,
        "interestExpense": 171,
        "interestIncomeExpense": -220,
        "minorityInterest": -30,
        "netIncome": 198,
        "netIncomeAfterTaxes": 299,
        "nonRecurringItems": -183,
        "period": "2018-12-31",
        "pretaxIncome": 494,
        "provisionforIncomeTaxes": 195,
        "revenue": 2809,
        "sgaExpense": 657,
        "totalOperatingExpense": 1054,
        "totalOtherIncomeExpenseNet": 3
      },
      {
        "costOfGoodsSold": 771,
        "depreciationAmortization": 398,
        "dilutedAverageSharesOutstanding": 713,
        "dilutedEPS": 0.12,
        "ebit": 756,
        "grossIncome": 1821,
        "interestExpense": 185,
        "interestIncomeExpense": -184,
        "minorityInterest": -18,
        "netIncome": 86,
        "netIncomeAfterTaxes": 135,
        "nonRecurringItems": -387,
        "period": "2018-09-30",
        "pretaxIncome": 178,
        "provisionforIncomeTaxes": 43,
        "revenue": 2592,
        "sgaExpense": 667,
        "totalOperatingExpense": 1065,
        "totalOtherIncomeExpenseNet": -7
      },
      {
        "costOfGoodsSold": 891,
        "depreciationAmortization": 410,
        "dilutedAverageSharesOutstanding": 712,
        "dilutedEPS": 0.21,
        "ebit": 857,
        "grossIncome": 1954,
        "interestExpense": 196,
        "interestIncomeExpense": -283,
        "minorityInterest": -28,
        "netIncome": 155,
        "netIncomeAfterTaxes": 244,
        "nonRecurringItems": -207,
        "period": "2018-06-30",
        "pretaxIncome": 367,
        "provisionforIncomeTaxes": 123,
        "revenue": 2845,
        "sgaExpense": 687,
        "totalOperatingExpense": 1097,
        "totalOtherIncomeExpenseNet": 0
      },
      {
        "costOfGoodsSold": 1060,
        "depreciationAmortization": 193,
        "dilutedAverageSharesOutstanding": 422,
        "dilutedEPS": -0.02,
        "ebit": 445,
        "grossIncome": 1247,
        "interestExpense": 177,
        "interestIncomeExpense": -221,
        "minorityInterest": -11,
        "netIncome": -8,
        "netIncomeAfterTaxes": 3,
        "nonRecurringItems": -241,
        "period": "2018-03-31",
        "pretaxIncome": -17,
        "provisionforIncomeTaxes": -20,
        "revenue": 2307,
        "sgaExpense": 609,
        "totalOperatingExpense": 802,
        "totalOtherIncomeExpenseNet": 0
      },
      {
        "costOfGoodsSold": 724,
        "depreciationAmortization": 90,
        "dilutedAverageSharesOutstanding": 381,
        "dilutedEPS": -2,
        "ebit": 543,
        "grossIncome": 1140,
        "interestExpense": 157,
        "interestIncomeExpense": -216,
        "minorityInterest": -7,
        "netIncome": -764,
        "netIncomeAfterTaxes": -1181,
        "nonRecurringItems": -1380,
        "period": "2017-12-31",
        "pretaxIncome": -1050,
        "provisionforIncomeTaxes": 131,
        "revenue": 1864,
        "sgaExpense": 507,
        "totalOperatingExpense": 597,
        "totalOtherIncomeExpenseNet": 3
      },
      {
        "costOfGoodsSold": 668,
        "depreciationAmortization": 80,
        "dilutedAverageSharesOutstanding": 571,
        "dilutedEPS": 0.26,
        "ebit": 446,
        "grossIncome": 983,
        "interestExpense": 136,
        "interestIncomeExpense": -267,
        "minorityInterest": -5,
        "netIncome": 146,
        "netIncomeAfterTaxes": 223,
        "nonRecurringItems": -13,
        "period": "2017-09-30",
        "pretaxIncome": 164,
        "provisionforIncomeTaxes": -59,
        "revenue": 1651,
        "sgaExpense": 457,
        "totalOperatingExpense": 537,
        "totalOtherIncomeExpenseNet": -2
      },
      {
        "costOfGoodsSold": 628,
        "depreciationAmortization": 80,
        "dilutedAverageSharesOutstanding": 578,
        "dilutedEPS": 0.43,
        "ebit": 648,
        "grossIncome": 1117,
        "interestExpense": 91,
        "interestIncomeExpense": -158,
        "minorityInterest": -6,
        "netIncome": 250,
        "netIncomeAfterTaxes": 380,
        "nonRecurringItems": -18,
        "period": "2017-06-30",
        "pretaxIncome": 473,
        "provisionforIncomeTaxes": 93,
        "revenue": 1745,
        "sgaExpense": 389,
        "totalOperatingExpense": 469,
        "totalOtherIncomeExpenseNet": 1
      },
      {
        "costOfGoodsSold": 604,
        "depreciationAmortization": 80,
        "dilutedAverageSharesOutstanding": 588,
        "dilutedEPS": 0.24,
        "ebit": 514,
        "grossIncome": 1009,
        "interestExpense": 91,
        "interestIncomeExpense": -156,
        "minorityInterest": -6,
        "netIncome": 143,
        "netIncomeAfterTaxes": 221,
        "nonRecurringItems": -81,
        "period": "2017-03-31",
        "pretaxIncome": 276,
        "provisionforIncomeTaxes": 55,
        "revenue": 1613,
        "sgaExpense": 415,
        "totalOperatingExpense": 495,
        "totalOtherIncomeExpenseNet": -1
      },
      {
        "costOfGoodsSold": 645,
        "depreciationAmortization": 83,
        "dilutedAverageSharesOutstanding": 595,
        "dilutedEPS": 0.34,
        "ebit": 481,
        "grossIncome": 1027,
        "interestExpense": 86,
        "interestIncomeExpense": -69,
        "minorityInterest": -5,
        "netIncome": 202,
        "netIncomeAfterTaxes": 309,
        "nonRecurringItems": 44,
        "period": "2016-12-31",
        "pretaxIncome": 460,
        "provisionforIncomeTaxes": 151,
        "revenue": 1672,
        "sgaExpense": 463,
        "totalOperatingExpense": 546,
        "totalOtherIncomeExpenseNet": 4
      },
      {
        "costOfGoodsSold": 592,
        "depreciationAmortization": 80,
        "dilutedAverageSharesOutstanding": 602,
        "dilutedEPS": 0.24,
        "ebit": 465,
        "grossIncome": 964,
        "interestExpense": 91,
        "interestIncomeExpense": -74,
        "minorityInterest": -6,
        "netIncome": 144,
        "netIncomeAfterTaxes": 225,
        "nonRecurringItems": -69,
        "period": "2016-09-30",
        "pretaxIncome": 321,
        "provisionforIncomeTaxes": 96,
        "revenue": 1556,
        "sgaExpense": 419,
        "totalOperatingExpense": 499,
        "totalOtherIncomeExpenseNet": -1
      },
      {
        "costOfGoodsSold": 603,
        "depreciationAmortization": 80,
        "dilutedAverageSharesOutstanding": 616,
        "dilutedEPS": 0.44,
        "ebit": 625,
        "grossIncome": 1105,
        "interestExpense": 91,
        "interestIncomeExpense": -79,
        "minorityInterest": -7,
        "netIncome": 270,
        "netIncomeAfterTaxes": 415,
        "nonRecurringItems": -39,
        "period": "2016-06-30",
        "pretaxIncome": 510,
        "provisionforIncomeTaxes": 95,
        "revenue": 1708,
        "sgaExpense": 400,
        "totalOperatingExpense": 480,
        "totalOtherIncomeExpenseNet": 3
      },
      {
        "costOfGoodsSold": 592,
        "depreciationAmortization": 79,
        "dilutedAverageSharesOutstanding": 630,
        "dilutedEPS": 0.27,
        "ebit": 482,
        "grossIncome": 969,
        "interestExpense": 85,
        "interestIncomeExpense": -106,
        "minorityInterest": -6,
        "netIncome": 173,
        "netIncomeAfterTaxes": 269,
        "nonRecurringItems": 7,
        "period": "2016-03-31",
        "pretaxIncome": 380,
        "provisionforIncomeTaxes": 111,
        "revenue": 1561,
        "sgaExpense": 408,
        "totalOperatingExpense": 487,
        "totalOtherIncomeExpenseNet": -3
      },
      {
        "costOfGoodsSold": 640,
        "depreciationAmortization": 87,
        "dilutedAverageSharesOutstanding": 650,
        "dilutedEPS": 0.22,
        "ebit": 474,
        "grossIncome": 1006,
        "interestExpense": 82,
        "interestIncomeExpense": -101,
        "minorityInterest": -7,
        "netIncome": 145,
        "netIncomeAfterTaxes": 226,
        "nonRecurringItems": -33,
        "period": "2015-12-31",
        "pretaxIncome": 343,
        "provisionforIncomeTaxes": 117,
        "revenue": 1646,
        "sgaExpense": 445,
        "totalOperatingExpense": 532,
        "totalOtherIncomeExpenseNet": 3
      },
      {
        "costOfGoodsSold": 574,
        "depreciationAmortization": 80,
        "dilutedAverageSharesOutstanding": 653,
        "dilutedEPS": 0.28,
        "ebit": 509,
        "grossIncome": 983,
        "interestExpense": 82,
        "interestIncomeExpense": -90,
        "minorityInterest": -4,
        "netIncome": 185,
        "netIncomeAfterTaxes": 283,
        "nonRecurringItems": -4,
        "period": "2015-09-30",
        "pretaxIncome": 413,
        "provisionforIncomeTaxes": 130,
        "revenue": 1557,
        "sgaExpense": 394,
        "totalOperatingExpense": 474,
        "totalOtherIncomeExpenseNet": -2
      }
    ],
    "symbol": "WBD"
  }
}