{
  "symbol": "NEE",
  "statement": "ic",
  "frequency": "annual",
  "timestamp": "2025-09-19T14:04:37.076294",
  "data": {
    "financials": [
      {
        "depreciationAmortization": 5462,
        "dilutedAverageSharesOutstanding": 2059.2,
        "dilutedEPS": 3.3732,
        "ebit": 7127,
        "interestExpense": 2235,
        "interestIncomeExpense": -2211,
        "minorityInterest": 1248,
        "netIncome": 6946,
        "netIncomeAfterTaxes": 5698,
        "nonRecurringItems": 352,
        "operationsMaintenance": 4857,
        "otherOperatingExpensesTotal": 2278,
        "period": "2024-12-31",
        "pretaxIncome": 6037,
        "provisionforIncomeTaxes": 339,
        "purchasedFuelPowerGas": 5029,
        "revenue": 24753,
        "totalOperatingExpense": 17626,
        "totalOtherIncomeExpenseNet": 769,
        "year": 2024
      },
      {
        "depreciationAmortization": 5879,
        "dilutedAverageSharesOutstanding": 2030.8,
        "dilutedEPS": 3.5996,
        "ebit": 9832,
        "interestExpense": 3324,
        "interestIncomeExpense": -3688,
        "minorityInterest": 1028,
        "netIncome": 7310,
        "netIncomeAfterTaxes": 6282,
        "nonRecurringItems": 405,
        "operationsMaintenance": 4681,
        "otherOperatingExpensesTotal": 2265,
        "period": "2023-12-31",
        "pretaxIncome": 7288,
        "provisionforIncomeTaxes": 1006,
        "purchasedFuelPowerGas": 5457,
        "revenue": 28114,
        "totalOperatingExpense": 18282,
        "totalOtherIncomeExpenseNet": 739,
        "year": 2023
      },
      {
        "depreciationAmortization": 4503,
        "dilutedAverageSharesOutstanding": 1978.6,
        "dilutedEPS": 2.0959,
        "ebit": 3559,
        "interestExpense": 585,
        "interestIncomeExpense": -763,
        "minorityInterest": 901,
        "netIncome": 4147,
        "netIncomeAfterTaxes": 3246,
        "nonRecurringItems": 522,
        "operationsMaintenance": 4428,
        "otherOperatingExpensesTotal": 2077,
        "period": "2022-12-31",
        "pretaxIncome": 3832,
        "provisionforIncomeTaxes": 586,
        "purchasedFuelPowerGas": 6389,
        "revenue": 20956,
        "totalOperatingExpense": 17397,
        "totalOtherIncomeExpenseNet": 514,
        "year": 2022
      },
      {
        "depreciationAmortization": 3924,
        "dilutedAverageSharesOutstanding": 1972.2,
        "dilutedEPS": 1.8117,
        "ebit": 2864,
        "interestExpense": 1270,
        "interestIncomeExpense": -267,
        "minorityInterest": 746,
        "netIncome": 3573,
        "netIncomeAfterTaxes": 2827,
        "nonRecurringItems": 49,
        "operationsMaintenance": 3953,
        "otherOperatingExpensesTotal": 1801,
        "period": "2021-12-31",
        "pretaxIncome": 3175,
        "provisionforIncomeTaxes": 348,
        "purchasedFuelPowerGas": 4527,
        "revenue": 17069,
        "totalOperatingExpense": 14205,
        "totalOtherIncomeExpenseNet": 529,
        "year": 2021
      },
      {
        "depreciationAmortization": 4052,
        "dilutedAverageSharesOutstanding": 1969,
        "dilutedEPS": 1.48,
        "ebit": 4763,
        "interestExpense": 1537,
        "interestIncomeExpense": -1550,
        "minorityInterest": 550,
        "netIncome": 2919,
        "netIncomeAfterTaxes": 2456,
        "nonRecurringItems": -1147,
        "operationsMaintenance": 3751,
        "otherOperatingExpensesTotal": 1892,
        "period": "2020-12-31",
        "pretaxIncome": 2413,
        "provisionforIncomeTaxes": -43,
        "purchasedFuelPowerGas": 3539,
        "revenue": 17997,
        "totalOperatingExpense": 13234,
        "totalOtherIncomeExpenseNet": 347,
        "year": 2020
      },
      {
        "depreciationAmortization": 4216,
        "dilutedAverageSharesOutstanding": 1942,
        "dilutedEPS": 1.94,
        "ebit": 5054,
        "interestExpense": 1543,
        "interestIncomeExpense": -1836,
        "minorityInterest": 381,
        "netIncome": 3769,
        "netIncomeAfterTaxes": 3477,
        "nonRecurringItems": 299,
        "operationsMaintenance": 3640,
        "otherOperatingExpensesTotal": 1931,
        "otherRevenue": 762,
        "period": "2019-12-31",
        "pretaxIncome": 3836,
        "provisionforIncomeTaxes": 359,
        "purchasedFuelPowerGas": 4363,
        "revenue": 19204,
        "totalOperatingExpense": 14150,
        "totalOtherIncomeExpenseNet": 319,
        "year": 2019
      },
      {
        "depreciationAmortization": 3911,
        "dilutedAverageSharesOutstanding": 1908,
        "dilutedEPS": 3.47,
        "ebit": 4245,
        "interestExpense": 1237,
        "interestIncomeExpense": -1169,
        "minorityInterest": 862,
        "netIncome": 6638,
        "netIncomeAfterTaxes": 5340,
        "nonRecurringItems": 3964,
        "operationsMaintenance": 3330,
        "otherOperatingExpensesTotal": 1511,
        "otherRevenue": 377,
        "period": "2018-12-31",
        "pretaxIncome": 7352,
        "provisionforIncomeTaxes": 2012,
        "purchasedFuelPowerGas": 3730,
        "revenue": 16727,
        "totalOperatingExpense": 12482,
        "totalOtherIncomeExpenseNet": 312,
        "year": 2018
      },
      {
        "depreciationAmortization": 2357,
        "dilutedAverageSharesOutstanding": 1890,
        "dilutedEPS": 2.84,
        "ebit": 4577,
        "interestExpense": 1390,
        "interestIncomeExpense": -1228,
        "minorityInterest": 57,
        "netIncome": 5380,
        "netIncomeAfterTaxes": 3442,
        "nonRecurringItems": 596,
        "operationsMaintenance": 3458,
        "otherOperatingExpensesTotal": 2710,
        "otherRevenue": 454,
        "period": "2017-12-31",
        "pretaxIncome": 4663,
        "provisionforIncomeTaxes": 1221,
        "purchasedFuelPowerGas": 4071,
        "revenue": 17173,
        "totalOperatingExpense": 12596,
        "totalOtherIncomeExpenseNet": 718,
        "year": 2017
      },
      {
        "depreciationAmortization": 3120,
        "dilutedAverageSharesOutstanding": 1863,
        "dilutedEPS": 1.56,
        "ebit": 4153,
        "interestExpense": 1293,
        "interestIncomeExpense": -828,
        "minorityInterest": -93,
        "netIncome": 2906,
        "netIncomeAfterTaxes": 2999,
        "nonRecurringItems": 305,
        "operationsMaintenance": 3529,
        "otherOperatingExpensesTotal": 1343,
        "otherRevenue": 459,
        "period": "2016-12-31",
        "pretaxIncome": 4378,
        "provisionforIncomeTaxes": 1379,
        "purchasedFuelPowerGas": 3993,
        "revenue": 16138,
        "totalOperatingExpense": 11985,
        "totalOtherIncomeExpenseNet": 748,
        "year": 2016
      },
      {
        "depreciationAmortization": 2831,
        "dilutedAverageSharesOutstanding": 1816,
        "dilutedEPS": 1.52,
        "ebit": 4668,
        "gainLossOnDispositionOfAssets": 0,
        "interestExpense": 1219,
        "interestIncomeExpense": -936,
        "minorityInterest": -10,
        "netIncome": 2752,
        "netIncomeAfterTaxes": 2762,
        "nonRecurringItems": -28,
        "operationsMaintenance": 3269,
        "otherOperatingExpensesTotal": 1399,
        "otherRevenue": 932,
        "period": "2015-12-31",
        "pretaxIncome": 3990,
        "provisionforIncomeTaxes": 1228,
        "purchasedFuelPowerGas": 5319,
        "revenue": 17486,
        "totalOperatingExpense": 12818,
        "totalOtherIncomeExpenseNet": 286,
        "year": 2015
      }
    ],
    "symbol": "NEE"
  }
}