{
  "symbol": "CSX",
  "statement": "ic",
  "frequency": "quarterly",
  "timestamp": "2025-09-19T13:58:44.127105",
  "data": {
    "financials": [
      {
        "costOfGoodsSold": 979,
        "depreciationAmortization": 427,
        "dilutedAverageSharesOutstanding": 1869,
        "dilutedEPS": 0.4436,
        "ebit": 1283,
        "grossIncome": 2595,
        "interestExpense": 212,
        "interestIncomeExpense": -212,
        "netIncome": 829,
        "netIncomeAfterTaxes": 829,
        "period": "2025-06-30",
        "pretaxIncome": 1093,
        "provisionforIncomeTaxes": 264,
        "revenue": 3574,
        "sgaExpense": 885,
        "totalOperatingExpense": 1312,
        "totalOtherIncomeExpenseNet": 22
      },
      {
        "costOfGoodsSold": 1049,
        "depreciationAmortization": 425,
        "dilutedAverageSharesOutstanding": 1892,
        "dilutedEPS": 0.3414,
        "ebit": 1041,
        "grossIncome": 2374,
        "interestExpense": 209,
        "interestIncomeExpense": -209,
        "netIncome": 646,
        "netIncomeAfterTaxes": 646,
        "period": "2025-03-31",
        "pretaxIncome": 858,
        "provisionforIncomeTaxes": 212,
        "revenue": 3423,
        "sgaExpense": 908,
        "totalOperatingExpense": 1333,
        "totalOtherIncomeExpenseNet": 26
      },
      {
        "costOfGoodsSold": 1023,
        "depreciationAmortization": 422,
        "dilutedAverageSharesOutstanding": 1922,
        "dilutedEPS": 0.3814,
        "ebit": 1211,
        "grossIncome": 2516,
        "interestExpense": 207,
        "interestIncomeExpense": -207,
        "netIncome": 733,
        "netIncomeAfterTaxes": 733,
        "nonRecurringItems": -105,
        "period": "2024-12-31",
        "pretaxIncome": 936,
        "provisionforIncomeTaxes": 203,
        "revenue": 3539,
        "sgaExpense": 883,
        "totalOperatingExpense": 1305,
        "totalOtherIncomeExpenseNet": 37
      },
      {
        "costOfGoodsSold": 951,
        "depreciationAmortization": 416,
        "dilutedAverageSharesOutstanding": 1940,
        "dilutedEPS": 0.4608,
        "ebit": 1355,
        "grossIncome": 2668,
        "interestExpense": 206,
        "interestIncomeExpense": -206,
        "netIncome": 894,
        "netIncomeAfterTaxes": 894,
        "nonRecurringItems": -1,
        "period": "2024-09-30",
        "pretaxIncome": 1184,
        "provisionforIncomeTaxes": 290,
        "revenue": 3619,
        "sgaExpense": 897,
        "totalOperatingExpense": 1313,
        "totalOtherIncomeExpenseNet": 36
      },
      {
        "costOfGoodsSold": 1000,
        "depreciationAmortization": 410,
        "dilutedAverageSharesOutstanding": 1948,
        "dilutedEPS": 0.4944,
        "ebit": 1440,
        "grossIncome": 2701,
        "interestExpense": 209,
        "interestIncomeExpense": -209,
        "netIncome": 963,
        "netIncomeAfterTaxes": 963,
        "nonRecurringItems": 8,
        "period": "2024-06-30",
        "pretaxIncome": 1267,
        "provisionforIncomeTaxes": 304,
        "revenue": 3701,
        "sgaExpense": 851,
        "totalOperatingExpense": 1261,
        "totalOtherIncomeExpenseNet": 28
      },
      {
        "costOfGoodsSold": 1046,
        "depreciationAmortization": 410,
        "dilutedAverageSharesOutstanding": 1951.5,
        "dilutedEPS": 0.4509,
        "ebit": 1336,
        "grossIncome": 2635,
        "interestExpense": 210,
        "interestIncomeExpense": -210,
        "netIncome": 880,
        "netIncomeAfterTaxes": 880,
        "nonRecurringItems": 1,
        "period": "2024-03-31",
        "pretaxIncome": 1168,
        "provisionforIncomeTaxes": 288,
        "revenue": 3681,
        "sgaExpense": 889,
        "totalOperatingExpense": 1299,
        "totalOtherIncomeExpenseNet": 41
      },
      {
        "costOfGoodsSold": 1055,
        "depreciationAmortization": 417,
        "dilutedAverageSharesOutstanding": 1971,
        "dilutedEPS": 0.4495,
        "ebit": 1312,
        "grossIncome": 2625,
        "interestExpense": 204,
        "interestIncomeExpense": -204,
        "netIncome": 886,
        "netIncomeAfterTaxes": 886,
        "nonRecurringItems": 8,
        "period": "2023-12-31",
        "pretaxIncome": 1149,
        "provisionforIncomeTaxes": 263,
        "revenue": 3680,
        "sgaExpense": 896,
        "totalOperatingExpense": 1313,
        "totalOtherIncomeExpenseNet": 33
      },
      {
        "costOfGoodsSold": 1038,
        "depreciationAmortization": 399,
        "dilutedAverageSharesOutstanding": 1999,
        "dilutedEPS": 0.42,
        "ebit": 1289,
        "grossIncome": 2534,
        "interestExpense": 203,
        "interestIncomeExpense": -203,
        "netIncome": 846,
        "netIncomeAfterTaxes": 846,
        "nonRecurringItems": 6,
        "period": "2023-09-30",
        "pretaxIncome": 1126,
        "provisionforIncomeTaxes": 280,
        "revenue": 3572,
        "sgaExpense": 846,
        "totalOperatingExpense": 1245,
        "totalOtherIncomeExpenseNet": 34
      },
      {
        "costOfGoodsSold": 996,
        "depreciationAmortization": 402,
        "dilutedAverageSharesOutstanding": 2025,
        "dilutedEPS": 0.49,
        "ebit": 1470,
        "grossIncome": 2703,
        "interestExpense": 201,
        "interestIncomeExpense": -201,
        "netIncome": 996,
        "netIncomeAfterTaxes": 996,
        "nonRecurringItems": 12,
        "period": "2023-06-30",
        "pretaxIncome": 1312,
        "provisionforIncomeTaxes": 316,
        "revenue": 3699,
        "sgaExpense": 831,
        "totalOperatingExpense": 1233,
        "totalOtherIncomeExpenseNet": 31
      },
      {
        "costOfGoodsSold": 1052,
        "depreciationAmortization": 393,
        "dilutedAverageSharesOutstanding": 2058,
        "dilutedEPS": 0.48,
        "ebit": 1456,
        "grossIncome": 2654,
        "interestExpense": 201,
        "interestIncomeExpense": -201,
        "netIncome": 987,
        "netIncomeAfterTaxes": 987,
        "nonRecurringItems": 8,
        "period": "2023-03-31",
        "pretaxIncome": 1304,
        "provisionforIncomeTaxes": 317,
        "revenue": 3706,
        "sgaExpense": 805,
        "totalOperatingExpense": 1198,
        "totalOtherIncomeExpenseNet": 41
      },
      {
        "costOfGoodsSold": 1110,
        "depreciationAmortization": 393,
        "dilutedAverageSharesOutstanding": 2081,
        "dilutedEPS": 0.49,
        "ebit": 1404,
        "grossIncome": 2620,
        "interestExpense": 199,
        "interestIncomeExpense": -199,
        "netIncome": 1018,
        "netIncomeAfterTaxes": 1018,
        "nonRecurringItems": 55,
        "period": "2022-12-31",
        "pretaxIncome": 1304,
        "provisionforIncomeTaxes": 286,
        "revenue": 3730,
        "sgaExpense": 823,
        "totalOperatingExpense": 1216,
        "totalOtherIncomeExpenseNet": 44
      },
      {
        "costOfGoodsSold": 1102,
        "depreciationAmortization": 378,
        "dilutedAverageSharesOutstanding": 2126,
        "dilutedEPS": 0.52,
        "ebit": 1552,
        "grossIncome": 2793,
        "interestExpense": 193,
        "interestIncomeExpense": -193,
        "netIncome": 1111,
        "netIncomeAfterTaxes": 1111,
        "nonRecurringItems": 27,
        "period": "2022-09-30",
        "pretaxIncome": 1423,
        "provisionforIncomeTaxes": 312,
        "revenue": 3895,
        "sgaExpense": 863,
        "totalOperatingExpense": 1241,
        "totalOtherIncomeExpenseNet": 37
      },
      {
        "costOfGoodsSold": 1093,
        "depreciationAmortization": 369,
        "dilutedAverageSharesOutstanding": 2163,
        "dilutedEPS": 0.54,
        "ebit": 1574,
        "grossIncome": 2722,
        "interestExpense": 171,
        "interestIncomeExpense": -171,
        "netIncome": 1178,
        "netIncomeAfterTaxes": 1178,
        "nonRecurringItems": 129,
        "period": "2022-06-30",
        "pretaxIncome": 1558,
        "provisionforIncomeTaxes": 380,
        "revenue": 3815,
        "sgaExpense": 779,
        "totalOperatingExpense": 1148,
        "totalOtherIncomeExpenseNet": 26
      },
      {
        "costOfGoodsSold": 1006,
        "depreciationAmortization": 360,
        "dilutedAverageSharesOutstanding": 2193,
        "dilutedEPS": 0.39,
        "ebit": 1255,
        "grossIncome": 2407,
        "interestExpense": 179,
        "interestIncomeExpense": -179,
        "netIncome": 859,
        "netIncomeAfterTaxes": 859,
        "nonRecurringItems": 27,
        "period": "2022-03-31",
        "pretaxIncome": 1129,
        "provisionforIncomeTaxes": 270,
        "revenue": 3413,
        "sgaExpense": 792,
        "totalOperatingExpense": 1152,
        "totalOtherIncomeExpenseNet": 26
      },
      {
        "costOfGoodsSold": 927,
        "depreciationAmortization": 360,
        "dilutedAverageSharesOutstanding": 2216,
        "dilutedEPS": 0.42,
        "ebit": 1342,
        "grossIncome": 2500,
        "interestExpense": 180,
        "interestIncomeExpense": -180,
        "netIncome": 934,
        "netIncomeAfterTaxes": 934,
        "nonRecurringItems": 24,
        "period": "2021-12-31",
        "pretaxIncome": 1205,
        "provisionforIncomeTaxes": 271,
        "revenue": 3427,
        "sgaExpense": 798,
        "totalOperatingExpense": 1158,
        "totalOtherIncomeExpenseNet": 19
      },
      {
        "costOfGoodsSold": 824,
        "depreciationAmortization": 367,
        "dilutedAverageSharesOutstanding": 2242,
        "dilutedEPS": 0.43,
        "ebit": 1376,
        "grossIncome": 2468,
        "interestExpense": 177,
        "interestIncomeExpense": -177,
        "netIncome": 968,
        "netIncomeAfterTaxes": 968,
        "nonRecurringItems": 60,
        "period": "2021-09-30",
        "pretaxIncome": 1279,
        "provisionforIncomeTaxes": 311,
        "revenue": 3292,
        "sgaExpense": 725,
        "totalOperatingExpense": 1092,
        "totalOtherIncomeExpenseNet": 20
      },
      {
        "costOfGoodsSold": 635,
        "depreciationAmortization": 348,
        "dilutedAverageSharesOutstanding": 2275,
        "dilutedEPS": 0.52,
        "ebit": 1324,
        "grossIncome": 2355,
        "interestExpense": 181,
        "interestIncomeExpense": -181,
        "netIncome": 1173,
        "netIncomeAfterTaxes": 1173,
        "nonRecurringItems": 367,
        "period": "2021-06-30",
        "pretaxIncome": 1530,
        "provisionforIncomeTaxes": 357,
        "revenue": 2990,
        "sgaExpense": 683,
        "totalOperatingExpense": 1031,
        "totalOtherIncomeExpenseNet": 20
      },
      {
        "costOfGoodsSold": 662,
        "depreciationAmortization": 345,
        "dilutedAverageSharesOutstanding": 2286,
        "dilutedEPS": 0.31,
        "ebit": 1098,
        "grossIncome": 2151,
        "interestExpense": 184,
        "interestIncomeExpense": -184,
        "netIncome": 706,
        "netIncomeAfterTaxes": 706,
        "nonRecurringItems": 3,
        "period": "2021-03-31",
        "pretaxIncome": 937,
        "provisionforIncomeTaxes": 231,
        "revenue": 2813,
        "sgaExpense": 708,
        "totalOperatingExpense": 1053,
        "totalOtherIncomeExpenseNet": 20
      },
      {
        "costOfGoodsSold": 584,
        "depreciationAmortization": 347,
        "dilutedAverageSharesOutstanding": 2295,
        "dilutedEPS": 0.33,
        "ebit": 1215,
        "grossIncome": 2241,
        "interestExpense": 189,
        "interestIncomeExpense": -189,
        "netIncome": 760,
        "netIncomeAfterTaxes": 760,
        "period": "2020-12-31",
        "pretaxIncome": 994,
        "provisionforIncomeTaxes": 234,
        "revenue": 2825,
        "sgaExpense": 679,
        "totalOperatingExpense": 1026,
        "totalOtherIncomeExpenseNet": -32
      },
      {
        "costOfGoodsSold": 497,
        "depreciationAmortization": 348,
        "dilutedAverageSharesOutstanding": 2301,
        "dilutedEPS": 0.32,
        "ebit": 1141,
        "grossIncome": 2151,
        "interestExpense": 187,
        "interestIncomeExpense": -187,
        "netIncome": 736,
        "netIncomeAfterTaxes": 736,
        "period": "2020-09-30",
        "pretaxIncome": 968,
        "provisionforIncomeTaxes": 232,
        "revenue": 2648,
        "sgaExpense": 662,
        "totalOperatingExpense": 1010,
        "totalOtherIncomeExpenseNet": 14
      },
      {
        "costOfGoodsSold": 498,
        "depreciationAmortization": 344,
        "dilutedAverageSharesOutstanding": 2301,
        "dilutedEPS": 0.22,
        "ebit": 828,
        "grossIncome": 1757,
        "interestExpense": 191,
        "interestIncomeExpense": -191,
        "netIncome": 499,
        "netIncomeAfterTaxes": 499,
        "period": "2020-06-30",
        "pretaxIncome": 652,
        "provisionforIncomeTaxes": 153,
        "revenue": 2255,
        "sgaExpense": 585,
        "totalOperatingExpense": 929,
        "totalOtherIncomeExpenseNet": 15
      },
      {
        "costOfGoodsSold": 646,
        "depreciationAmortization": 344,
        "dilutedAverageSharesOutstanding": 2319,
        "dilutedEPS": 0.33,
        "ebit": 1178,
        "grossIncome": 2209,
        "interestExpense": 187,
        "interestIncomeExpense": -187,
        "netIncome": 770,
        "netIncomeAfterTaxes": 770,
        "period": "2020-03-31",
        "pretaxIncome": 1013,
        "provisionforIncomeTaxes": 243,
        "revenue": 2855,
        "sgaExpense": 687,
        "totalOperatingExpense": 1031,
        "totalOtherIncomeExpenseNet": 22
      },
      {
        "costOfGoodsSold": 652,
        "depreciationAmortization": 344,
        "dilutedAverageSharesOutstanding": 2331,
        "dilutedEPS": 0.33,
        "ebit": 1130,
        "grossIncome": 2233,
        "interestExpense": 189,
        "interestIncomeExpense": -165,
        "netIncome": 771,
        "netIncomeAfterTaxes": 771,
        "nonRecurringItems": 0,
        "period": "2019-12-31",
        "pretaxIncome": 981,
        "provisionforIncomeTaxes": 210,
        "revenue": 2885,
        "sgaExpense": 759,
        "totalOperatingExpense": 1103,
        "totalOtherIncomeExpenseNet": 16
      },
      {
        "costOfGoodsSold": 638,
        "depreciationAmortization": 338,
        "dilutedAverageSharesOutstanding": 2376,
        "dilutedEPS": 0.36,
        "ebit": 1260,
        "grossIncome": 2340,
        "interestExpense": 186,
        "interestIncomeExpense": -159,
        "netIncome": 856,
        "netIncomeAfterTaxes": 856,
        "period": "2019-09-30",
        "pretaxIncome": 1125,
        "provisionforIncomeTaxes": 269,
        "revenue": 2978,
        "sgaExpense": 742,
        "totalOperatingExpense": 1080,
        "totalOtherIncomeExpenseNet": 24
      },
      {
        "costOfGoodsSold": 689,
        "depreciationAmortization": 337,
        "dilutedAverageSharesOutstanding": 2421,
        "dilutedEPS": 0.36,
        "ebit": 1284,
        "grossIncome": 2372,
        "interestExpense": 184,
        "interestIncomeExpense": -163,
        "netIncome": 870,
        "netIncomeAfterTaxes": 870,
        "period": "2019-06-30",
        "pretaxIncome": 1146,
        "provisionforIncomeTaxes": 276,
        "revenue": 3061,
        "sgaExpense": 751,
        "totalOperatingExpense": 1088,
        "totalOtherIncomeExpenseNet": 25
      },
      {
        "costOfGoodsSold": 711,
        "depreciationAmortization": 330,
        "dilutedAverageSharesOutstanding": 2451,
        "dilutedEPS": 0.34,
        "ebit": 1200,
        "grossIncome": 2302,
        "interestExpense": 178,
        "interestIncomeExpense": -159,
        "netIncome": 834,
        "netIncomeAfterTaxes": 834,
        "period": "2019-03-31",
        "pretaxIncome": 1064,
        "provisionforIncomeTaxes": 230,
        "revenue": 3013,
        "sgaExpense": 772,
        "totalOperatingExpense": 1102,
        "totalOtherIncomeExpenseNet": 23
      },
      {
        "costOfGoodsSold": 795,
        "depreciationAmortization": 345,
        "dilutedAverageSharesOutstanding": 2502,
        "dilutedEPS": 0.34,
        "ebit": 1232,
        "grossIncome": 2348,
        "interestExpense": 171,
        "interestIncomeExpense": -154,
        "netIncome": 842,
        "netIncomeAfterTaxes": 843,
        "nonRecurringItems": 0,
        "period": "2018-12-31",
        "pretaxIncome": 1098,
        "provisionforIncomeTaxes": 255,
        "revenue": 3143,
        "sgaExpense": 771,
        "totalOperatingExpense": 1116,
        "totalOtherIncomeExpenseNet": 20
      },
      {
        "costOfGoodsSold": 742,
        "depreciationAmortization": 334,
        "dilutedAverageSharesOutstanding": 2562,
        "dilutedEPS": 0.35,
        "ebit": 1269,
        "grossIncome": 2387,
        "interestExpense": 162,
        "interestIncomeExpense": -138,
        "netIncome": 894,
        "netIncomeAfterTaxes": 894,
        "nonRecurringItems": 0,
        "period": "2018-09-30",
        "pretaxIncome": 1150,
        "provisionforIncomeTaxes": 256,
        "revenue": 3129,
        "sgaExpense": 784,
        "totalOperatingExpense": 1118,
        "totalOtherIncomeExpenseNet": 19
      },
      {
        "costOfGoodsSold": 739,
        "depreciationAmortization": 329,
        "dilutedAverageSharesOutstanding": 2604,
        "dilutedEPS": 0.34,
        "ebit": 1253,
        "grossIncome": 2363,
        "interestExpense": 157,
        "interestIncomeExpense": -127,
        "netIncome": 877,
        "netIncomeAfterTaxes": 877,
        "nonRecurringItems": 0,
        "period": "2018-06-30",
        "pretaxIncome": 1144,
        "provisionforIncomeTaxes": 267,
        "revenue": 3102,
        "sgaExpense": 781,
        "totalOperatingExpense": 1110,
        "totalOtherIncomeExpenseNet": 18
      },
      {
        "costOfGoodsSold": 737,
        "depreciationAmortization": 323,
        "dilutedAverageSharesOutstanding": 2664,
        "dilutedEPS": 0.26,
        "ebit": 1019,
        "grossIncome": 2139,
        "interestExpense": 149,
        "interestIncomeExpense": -124,
        "netIncome": 695,
        "netIncomeAfterTaxes": 695,
        "nonRecurringItems": 0,
        "period": "2018-03-31",
        "pretaxIncome": 912,
        "provisionforIncomeTaxes": 217,
        "revenue": 2876,
        "sgaExpense": 797,
        "totalOperatingExpense": 1120,
        "totalOtherIncomeExpenseNet": 17
      },
      {
        "costOfGoodsSold": 783,
        "depreciationAmortization": 337,
        "dilutedAverageSharesOutstanding": 2697,
        "dilutedEPS": 1.53,
        "ebit": 899,
        "grossIncome": 2080,
        "interestExpense": 140,
        "interestIncomeExpense": 79,
        "netIncome": 4140,
        "netIncomeAfterTaxes": 634,
        "nonRecurringItems": -29,
        "period": "2017-12-31",
        "pretaxIncome": 983,
        "provisionforIncomeTaxes": 349,
        "revenue": 2863,
        "sgaExpense": 844,
        "totalOperatingExpense": 1181,
        "totalOtherIncomeExpenseNet": 34
      },
      {
        "costOfGoodsSold": 721,
        "depreciationAmortization": 331,
        "dilutedAverageSharesOutstanding": 2718,
        "dilutedEPS": 0.17,
        "ebit": 877,
        "grossIncome": 2022,
        "interestExpense": 132,
        "interestIncomeExpense": -132,
        "netIncome": 459,
        "netIncomeAfterTaxes": 459,
        "nonRecurringItems": -1,
        "period": "2017-09-30",
        "pretaxIncome": 750,
        "provisionforIncomeTaxes": 291,
        "revenue": 2743,
        "sgaExpense": 814,
        "totalOperatingExpense": 1145,
        "totalOtherIncomeExpenseNet": 6
      },
      {
        "costOfGoodsSold": 694,
        "depreciationAmortization": 327,
        "dilutedAverageSharesOutstanding": 2772,
        "dilutedEPS": 0.18,
        "ebit": 1056,
        "grossIncome": 2239,
        "interestExpense": 137,
        "interestIncomeExpense": -121,
        "netIncome": 510,
        "netIncomeAfterTaxes": 510,
        "nonRecurringItems": -122,
        "period": "2017-06-30",
        "pretaxIncome": 827,
        "provisionforIncomeTaxes": 317,
        "revenue": 2933,
        "sgaExpense": 856,
        "totalOperatingExpense": 1183,
        "totalOtherIncomeExpenseNet": 14
      },
      {
        "costOfGoodsSold": 789,
        "depreciationAmortization": 320,
        "dilutedAverageSharesOutstanding": 2787,
        "dilutedEPS": 0.13,
        "ebit": 866,
        "grossIncome": 2080,
        "interestExpense": 137,
        "interestIncomeExpense": -124,
        "netIncome": 362,
        "netIncomeAfterTaxes": 362,
        "nonRecurringItems": -173,
        "period": "2017-03-31",
        "pretaxIncome": 582,
        "provisionforIncomeTaxes": 220,
        "revenue": 2869,
        "sgaExpense": 894,
        "totalOperatingExpense": 1214,
        "totalOtherIncomeExpenseNet": 13
      },
      {
        "costOfGoodsSold": 710,
        "depreciationAmortization": 348,
        "dilutedAverageSharesOutstanding": 2799,
        "dilutedEPS": 0.16,
        "ebit": 1004,
        "grossIncome": 2327,
        "interestExpense": 156,
        "interestIncomeExpense": -156,
        "netIncome": 458,
        "netIncomeAfterTaxes": 458,
        "nonRecurringItems": -115,
        "period": "2016-12-30",
        "pretaxIncome": 751,
        "provisionforIncomeTaxes": 293,
        "revenue": 3037,
        "sgaExpense": 975,
        "totalOperatingExpense": 1323,
        "totalOtherIncomeExpenseNet": 18
      },
      {
        "costOfGoodsSold": 681,
        "depreciationAmortization": 321,
        "dilutedAverageSharesOutstanding": 2829,
        "dilutedEPS": 0.16,
        "ebit": 841,
        "grossIncome": 2029,
        "interestExpense": 139,
        "interestIncomeExpense": -139,
        "netIncome": 455,
        "netIncomeAfterTaxes": 455,
        "period": "2016-09-23",
        "pretaxIncome": 715,
        "provisionforIncomeTaxes": 260,
        "revenue": 2710,
        "sgaExpense": 867,
        "totalOperatingExpense": 1188,
        "totalOtherIncomeExpenseNet": 13
      },
      {
        "costOfGoodsSold": 691,
        "depreciationAmortization": 319,
        "dilutedAverageSharesOutstanding": 2856,
        "dilutedEPS": 0.16,
        "ebit": 840,
        "grossIncome": 2013,
        "interestExpense": 141,
        "interestIncomeExpense": -141,
        "netIncome": 445,
        "netIncomeAfterTaxes": 445,
        "period": "2016-06-24",
        "pretaxIncome": 707,
        "provisionforIncomeTaxes": 262,
        "revenue": 2704,
        "sgaExpense": 854,
        "totalOperatingExpense": 1173,
        "totalOtherIncomeExpenseNet": 8
      },
      {
        "costOfGoodsSold": 700,
        "depreciationAmortization": 313,
        "dilutedAverageSharesOutstanding": 2889,
        "dilutedEPS": 0.12,
        "ebit": 704,
        "grossIncome": 1918,
        "interestExpense": 143,
        "interestIncomeExpense": -143,
        "netIncome": 356,
        "netIncomeAfterTaxes": 356,
        "period": "2016-03-25",
        "pretaxIncome": 568,
        "provisionforIncomeTaxes": 212,
        "revenue": 2618,
        "sgaExpense": 901,
        "totalOperatingExpense": 1214,
        "totalOtherIncomeExpenseNet": 7
      },
      {
        "costOfGoodsSold": 771,
        "depreciationAmortization": 312,
        "dilutedAverageSharesOutstanding": 2925,
        "dilutedEPS": 0.16,
        "ebit": 791,
        "grossIncome": 2010,
        "interestExpense": 140,
        "interestIncomeExpense": -140,
        "netIncome": 465,
        "netIncomeAfterTaxes": 466,
        "period": "2015-12-25",
        "pretaxIncome": 741,
        "provisionforIncomeTaxes": 275,
        "revenue": 2781,
        "sgaExpense": 907,
        "totalOperatingExpense": 1219,
        "totalOtherIncomeExpenseNet": 90
      },
      {
        "costOfGoodsSold": 803,
        "depreciationAmortization": 302,
        "dilutedAverageSharesOutstanding": 2946,
        "dilutedEPS": 0.17,
        "ebit": 933,
        "grossIncome": 2136,
        "interestExpense": 136,
        "interestIncomeExpense": -136,
        "netIncome": 507,
        "netIncomeAfterTaxes": 507,
        "period": "2015-09-25",
        "pretaxIncome": 799,
        "provisionforIncomeTaxes": 292,
        "revenue": 2939,
        "sgaExpense": 901,
        "totalOperatingExpense": 1203,
        "totalOtherIncomeExpenseNet": 2
      }
    ],
    "symbol": "CSX"
  }
}