{
  "symbol": "AIG",
  "statement": "ic",
  "frequency": "annual",
  "timestamp": "2025-09-19T13:55:50.470015",
  "data": {
    "financials": [
      {
        "benefitsClaimsLossAdjustment": 14567,
        "deferredPolicyAcquisitionExpense": 3425,
        "dilutedAverageSharesOutstanding": 651.4483,
        "dilutedEPS": -2.18,
        "ebit": 3730,
        "grossPremiumsEarned": 23544,
        "interestExpense": 462,
        "interestIncomeExpense": -462,
        "minorityInterest": -478,
        "netIncome": -1426,
        "netIncomeAfterTaxes": 2700,
        "nonRecurringItems": 602,
        "period": "2024-12-31",
        "pretaxIncome": 3870,
        "provisionforIncomeTaxes": 1170,
        "revenue": 26665,
        "sgaExpense": 5529,
        "totalOperatingExpense": 23521,
        "year": 2024
      },
      {
        "benefitsClaimsLossAdjustment": 29181,
        "deferredPolicyAcquisitionExpense": 4808,
        "dilutedAverageSharesOutstanding": 725.233,
        "dilutedEPS": 4.98,
        "ebit": 4165,
        "grossPremiumsEarned": 36818,
        "interestExpense": 516,
        "interestIncomeExpense": -987,
        "minorityInterest": -235,
        "netIncome": 3614,
        "netIncomeAfterTaxes": 3878,
        "nonRecurringItems": 680,
        "period": "2023-12-31",
        "pretaxIncome": 3858,
        "provisionforIncomeTaxes": -20,
        "revenue": 46653,
        "sgaExpense": 8499,
        "totalOperatingExpense": 42488,
        "year": 2023
      },
      {
        "benefitsClaimsLossAdjustment": 24962,
        "deferredPolicyAcquisitionExpense": 4557,
        "dilutedAverageSharesOutstanding": 787.942,
        "dilutedEPS": 12.94,
        "ebit": 15807,
        "grossPremiumsEarned": 35619,
        "interestExpense": 603,
        "interestIncomeExpense": -1123,
        "minorityInterest": -1046,
        "netIncome": 10198,
        "netIncomeAfterTaxes": 11274,
        "nonRecurringItems": -385,
        "period": "2022-12-31",
        "pretaxIncome": 14299,
        "provisionforIncomeTaxes": 3025,
        "revenue": 54448,
        "sgaExpense": 9122,
        "totalOperatingExpense": 38641,
        "year": 2022
      },
      {
        "benefitsClaimsLossAdjustment": 26908,
        "deferredPolicyAcquisitionExpense": 4524,
        "dilutedAverageSharesOutstanding": 864.885,
        "dilutedEPS": 11.95,
        "ebit": 12174,
        "grossPremiumsEarned": 35274,
        "interestExpense": 1305,
        "interestIncomeExpense": -1482,
        "minorityInterest": -539,
        "netIncome": 10338,
        "netIncomeAfterTaxes": 10906,
        "nonRecurringItems": 2655,
        "period": "2021-12-31",
        "pretaxIncome": 13347,
        "provisionforIncomeTaxes": 2441,
        "revenue": 52334,
        "sgaExpense": 8728,
        "totalOperatingExpense": 40160,
        "year": 2021
      },
      {
        "benefitsClaimsLossAdjustment": 28428,
        "deferredPolicyAcquisitionExpense": 4211,
        "dilutedAverageSharesOutstanding": 869.309,
        "dilutedEPS": -6.88,
        "ebit": 2701,
        "grossPremiumsEarned": 32343,
        "interestExpense": 1457,
        "interestIncomeExpense": -1457,
        "minorityInterest": -115,
        "netIncome": -5973,
        "netIncomeAfterTaxes": -5833,
        "nonRecurringItems": -8537,
        "period": "2020-12-31",
        "pretaxIncome": -7293,
        "provisionforIncomeTaxes": -1460,
        "revenue": 43736,
        "sgaExpense": 8396,
        "totalOperatingExpense": 41035,
        "year": 2020
      },
      {
        "benefitsClaimsLossAdjustment": 29234,
        "deferredPolicyAcquisitionExpense": 5164,
        "dilutedAverageSharesOutstanding": 889.512,
        "dilutedEPS": 3.73,
        "ebit": 6985,
        "grossPremiumsEarned": 34495,
        "interestExpense": 1417,
        "interestIncomeExpense": -1417,
        "minorityInterest": -821,
        "netIncome": 3326,
        "netIncomeAfterTaxes": 4121,
        "nonRecurringItems": -281,
        "period": "2019-12-31",
        "pretaxIncome": 5287,
        "provisionforIncomeTaxes": 1166,
        "revenue": 49920,
        "sgaExpense": 8537,
        "totalOperatingExpense": 42935,
        "year": 2019
      },
      {
        "benefitsClaimsLossAdjustment": 31166,
        "deferredPolicyAcquisitionExpense": 5386,
        "dilutedAverageSharesOutstanding": 898.406,
        "dilutedEPS": 0,
        "ebit": 1786,
        "grossPremiumsEarned": 35043,
        "interestExpense": 1309,
        "interestIncomeExpense": -1309,
        "minorityInterest": -67,
        "netIncome": -6,
        "netIncomeAfterTaxes": 103,
        "nonRecurringItems": -220,
        "period": "2018-12-31",
        "pretaxIncome": 257,
        "provisionforIncomeTaxes": 154,
        "revenue": 47640,
        "sgaExpense": 9302,
        "totalOperatingExpense": 45854,
        "year": 2018
      },
      {
        "benefitsClaimsLossAdjustment": 33564,
        "deferredPolicyAcquisitionExpense": 4288,
        "dilutedAverageSharesOutstanding": 930.561,
        "dilutedEPS": -6.53,
        "ebit": 2788,
        "grossPremiumsEarned": 36721,
        "interestExpense": 1168,
        "interestIncomeExpense": -1168,
        "minorityInterest": -28,
        "netIncome": -6084,
        "netIncomeAfterTaxes": 640,
        "nonRecurringItems": -154,
        "period": "2017-12-31",
        "pretaxIncome": 1466,
        "provisionforIncomeTaxes": 826,
        "revenue": 49747,
        "sgaExpense": 9107,
        "totalOperatingExpense": 46959,
        "year": 2017
      },
      {
        "benefitsClaimsLossAdjustment": 36142,
        "deferredPolicyAcquisitionExpense": 4521,
        "dilutedAverageSharesOutstanding": 1091.085,
        "dilutedEPS": -0.77,
        "ebit": 1202,
        "grossPremiumsEarned": 40246,
        "interestExpense": 1260,
        "interestIncomeExpense": -1260,
        "minorityInterest": -500,
        "netIncome": -849,
        "netIncomeAfterTaxes": -259,
        "nonRecurringItems": -16,
        "period": "2016-12-31",
        "pretaxIncome": -74,
        "provisionforIncomeTaxes": 185,
        "revenue": 52854,
        "sgaExpense": 10989,
        "totalOperatingExpense": 51652,
        "year": 2016
      },
      {
        "benefitsClaimsLossAdjustment": 35076,
        "deferredPolicyAcquisitionExpense": 5236,
        "dilutedAverageSharesOutstanding": 1334.465,
        "dilutedEPS": 1.65,
        "ebit": 5920,
        "grossPremiumsEarned": 43498,
        "interestExpense": 1281,
        "interestIncomeExpense": -1281,
        "minorityInterest": -26,
        "netIncome": 2196,
        "netIncomeAfterTaxes": 2222,
        "nonRecurringItems": -1358,
        "period": "2015-12-31",
        "pretaxIncome": 3281,
        "provisionforIncomeTaxes": 1059,
        "revenue": 58918,
        "sgaExpense": 12686,
        "totalOperatingExpense": 52998,
        "year": 2015
      }
    ],
    "symbol": "AIG"
  }
}