{
  "symbol": "GEN",
  "statement": "ic",
  "frequency": "quarterly",
  "timestamp": "2025-09-19T14:00:57.293047",
  "data": {
    "financials": [
      {
        "costOfGoodsSold": 267,
        "depreciationAmortization": 54,
        "dilutedAverageSharesOutstanding": 624,
        "dilutedEPS": 0.2164,
        "ebit": 456,
        "gainLossOnDispositionOfAssets": -1,
        "grossIncome": 990,
        "interestExpense": 156,
        "interestIncomeExpense": -147,
        "netIncome": 135,
        "netIncomeAfterTaxes": 135,
        "nonRecurringItems": -10,
        "period": "2025-07-04",
        "pretaxIncome": 300,
        "provisionforIncomeTaxes": 165,
        "researchDevelopment": 109,
        "revenue": 1257,
        "sgaExpense": 371,
        "totalOperatingExpense": 534,
        "totalOtherIncomeExpenseNet": 2
      },
      {
        "costOfGoodsSold": 199,
        "depreciationAmortization": 44,
        "dilutedAverageSharesOutstanding": 624,
        "dilutedEPS": 0.2276,
        "ebit": 423,
        "gainLossOnDispositionOfAssets": 0,
        "grossIncome": 811,
        "interestExpense": 135,
        "interestIncomeExpense": -126,
        "netIncome": 142,
        "netIncomeAfterTaxes": 142,
        "nonRecurringItems": -6,
        "period": "2025-03-28",
        "pretaxIncome": 287,
        "provisionforIncomeTaxes": 145,
        "researchDevelopment": 81,
        "revenue": 1010,
        "sgaExpense": 263,
        "totalOperatingExpense": 388,
        "totalOtherIncomeExpenseNet": -4
      },
      {
        "costOfGoodsSold": 193,
        "depreciationAmortization": 43,
        "dilutedAverageSharesOutstanding": 623,
        "dilutedEPS": 0.2552,
        "ebit": 376,
        "gainLossOnDispositionOfAssets": 0,
        "grossIncome": 793,
        "interestExpense": 141,
        "interestIncomeExpense": -136,
        "netIncome": 159,
        "netIncomeAfterTaxes": 159,
        "nonRecurringItems": -32,
        "period": "2024-12-27",
        "pretaxIncome": 208,
        "provisionforIncomeTaxes": 49,
        "researchDevelopment": 84,
        "revenue": 986,
        "sgaExpense": 290,
        "totalOperatingExpense": 417,
        "totalOtherIncomeExpenseNet": 0
      },
      {
        "costOfGoodsSold": 194,
        "depreciationAmortization": 44,
        "dilutedAverageSharesOutstanding": 622,
        "dilutedEPS": 0.2588,
        "ebit": 405,
        "gainLossOnDispositionOfAssets": 0,
        "grossIncome": 780,
        "interestExpense": 149,
        "interestIncomeExpense": -145,
        "netIncome": 161,
        "netIncomeAfterTaxes": 161,
        "nonRecurringItems": -3,
        "period": "2024-09-27",
        "pretaxIncome": 258,
        "provisionforIncomeTaxes": 97,
        "researchDevelopment": 83,
        "revenue": 974,
        "sgaExpense": 248,
        "totalOperatingExpense": 375,
        "totalOtherIncomeExpenseNet": 1
      },
      {
        "costOfGoodsSold": 190,
        "depreciationAmortization": 43,
        "dilutedAverageSharesOutstanding": 627,
        "dilutedEPS": 0.29,
        "ebit": 416,
        "grossIncome": 775,
        "interestExpense": 153,
        "interestIncomeExpense": -141,
        "netIncome": 181,
        "netIncomeAfterTaxes": 181,
        "nonRecurringItems": 1,
        "period": "2024-06-28",
        "pretaxIncome": 276,
        "provisionforIncomeTaxes": 95,
        "researchDevelopment": 81,
        "revenue": 965,
        "sgaExpense": 235,
        "totalOperatingExpense": 359,
        "totalOtherIncomeExpenseNet": 0
      },
      {
        "costOfGoodsSold": 190,
        "depreciationAmortization": 50,
        "dilutedAverageSharesOutstanding": 636,
        "dilutedEPS": 0.2,
        "ebit": 409,
        "gainLossOnDispositionOfAssets": 0,
        "grossIncome": 777,
        "interestExpense": 161,
        "interestIncomeExpense": -151,
        "netIncome": 125,
        "netIncomeAfterTaxes": 125,
        "nonRecurringItems": -61,
        "period": "2024-03-29",
        "pretaxIncome": 203,
        "provisionforIncomeTaxes": 78,
        "researchDevelopment": 80,
        "revenue": 967,
        "sgaExpense": 226,
        "totalOperatingExpense": 356,
        "totalOtherIncomeExpenseNet": 6
      },
      {
        "costOfGoodsSold": 182,
        "depreciationAmortization": 61,
        "dilutedAverageSharesOutstanding": 645,
        "dilutedEPS": 0.2233,
        "ebit": 337,
        "gainLossOnDispositionOfAssets": 5,
        "grossIncome": 769,
        "interestExpense": 165,
        "interestIncomeExpense": -161,
        "netIncome": 144,
        "netIncomeAfterTaxes": 144,
        "nonRecurringItems": -2,
        "period": "2023-12-29",
        "pretaxIncome": 181,
        "provisionforIncomeTaxes": 37,
        "researchDevelopment": 77,
        "revenue": 951,
        "sgaExpense": 294,
        "totalOperatingExpense": 432,
        "totalOtherIncomeExpenseNet": 2
      },
      {
        "costOfGoodsSold": 180,
        "depreciationAmortization": 61,
        "dilutedAverageSharesOutstanding": 644,
        "dilutedEPS": 0.23,
        "ebit": 42,
        "gainLossOnDispositionOfAssets": 0,
        "grossIncome": 768,
        "interestExpense": 173,
        "interestIncomeExpense": -166,
        "netIncome": 149,
        "netIncomeAfterTaxes": 149,
        "nonRecurringItems": -17,
        "period": "2023-09-29",
        "pretaxIncome": -141,
        "provisionforIncomeTaxes": -290,
        "researchDevelopment": 85,
        "revenue": 948,
        "sgaExpense": 580,
        "totalOperatingExpense": 726,
        "totalOtherIncomeExpenseNet": 0
      },
      {
        "costOfGoodsSold": 179,
        "depreciationAmortization": 61,
        "dilutedAverageSharesOutstanding": 643,
        "dilutedEPS": 0.29,
        "ebit": 379,
        "grossIncome": 767,
        "interestExpense": 170,
        "interestIncomeExpense": -163,
        "netIncome": 189,
        "netIncomeAfterTaxes": 189,
        "nonRecurringItems": -13,
        "period": "2023-06-30",
        "pretaxIncome": 204,
        "provisionforIncomeTaxes": 15,
        "researchDevelopment": 90,
        "revenue": 946,
        "sgaExpense": 237,
        "totalOperatingExpense": 388,
        "totalOtherIncomeExpenseNet": 1
      },
      {
        "costOfGoodsSold": 190,
        "depreciationAmortization": 61,
        "dilutedAverageSharesOutstanding": 645,
        "dilutedEPS": 1.42,
        "ebit": 371,
        "gainLossOnDispositionOfAssets": 0,
        "grossIncome": 757,
        "interestExpense": 168,
        "interestIncomeExpense": -163,
        "netIncome": 915,
        "netIncomeAfterTaxes": 915,
        "nonRecurringItems": -14,
        "period": "2023-03-31",
        "pretaxIncome": 164,
        "provisionforIncomeTaxes": -751,
        "researchDevelopment": 88,
        "revenue": 947,
        "sgaExpense": 237,
        "totalOperatingExpense": 386,
        "totalOtherIncomeExpenseNet": -30
      },
      {
        "costOfGoodsSold": 178,
        "depreciationAmortization": 61,
        "dilutedAverageSharesOutstanding": 651,
        "dilutedEPS": 0.25,
        "ebit": 412,
        "gainLossOnDispositionOfAssets": 0,
        "grossIncome": 758,
        "interestExpense": 154,
        "interestIncomeExpense": -156,
        "netIncome": 165,
        "netIncomeAfterTaxes": 165,
        "nonRecurringItems": -44,
        "period": "2022-12-30",
        "pretaxIncome": 216,
        "provisionforIncomeTaxes": 51,
        "researchDevelopment": 91,
        "revenue": 936,
        "sgaExpense": 194,
        "totalOperatingExpense": 346,
        "totalOtherIncomeExpenseNet": 4
      },
      {
        "costOfGoodsSold": 119,
        "depreciationAmortization": 29,
        "dilutedAverageSharesOutstanding": 595,
        "dilutedEPS": 0.12,
        "ebit": 250,
        "gainLossOnDispositionOfAssets": 0,
        "grossIncome": 629,
        "interestExpense": 48,
        "interestIncomeExpense": -43,
        "netIncome": 69,
        "netIncomeAfterTaxes": 69,
        "nonRecurringItems": -18,
        "period": "2022-09-30",
        "pretaxIncome": 195,
        "provisionforIncomeTaxes": 126,
        "researchDevelopment": 73,
        "revenue": 748,
        "sgaExpense": 277,
        "totalOperatingExpense": 379,
        "totalOtherIncomeExpenseNet": 6
      },
      {
        "costOfGoodsSold": 102,
        "depreciationAmortization": 21,
        "dilutedAverageSharesOutstanding": 604,
        "dilutedEPS": 0.33,
        "ebit": 263,
        "grossIncome": 605,
        "interestExpense": 31,
        "interestIncomeExpense": -30,
        "netIncome": 200,
        "netIncomeAfterTaxes": 200,
        "nonRecurringItems": -2,
        "period": "2022-07-01",
        "pretaxIncome": 229,
        "provisionforIncomeTaxes": 29,
        "researchDevelopment": 61,
        "revenue": 707,
        "sgaExpense": 260,
        "totalOperatingExpense": 342,
        "totalOtherIncomeExpenseNet": -2
      },
      {
        "costOfGoodsSold": 101,
        "depreciationAmortization": 22,
        "dilutedAverageSharesOutstanding": 591,
        "dilutedEPS": 0.2,
        "ebit": 136,
        "gainLossOnDispositionOfAssets": 0,
        "grossIncome": 615,
        "interestExpense": 31,
        "interestIncomeExpense": -36,
        "netIncome": 120,
        "netIncomeAfterTaxes": 120,
        "nonRecurringItems": -5,
        "period": "2022-04-01",
        "pretaxIncome": 96,
        "provisionforIncomeTaxes": -24,
        "researchDevelopment": 59,
        "revenue": 716,
        "sgaExpense": 398,
        "totalOperatingExpense": 479,
        "totalOtherIncomeExpenseNet": 1
      },
      {
        "costOfGoodsSold": 105,
        "depreciationAmortization": 21,
        "dilutedAverageSharesOutstanding": 591,
        "dilutedEPS": 0.34,
        "ebit": 314,
        "gainLossOnDispositionOfAssets": 0,
        "grossIncome": 597,
        "interestExpense": 32,
        "interestIncomeExpense": -31,
        "netIncome": 202,
        "netIncomeAfterTaxes": 202,
        "nonRecurringItems": -12,
        "period": "2021-12-31",
        "pretaxIncome": 261,
        "provisionforIncomeTaxes": 59,
        "researchDevelopment": 60,
        "revenue": 702,
        "sgaExpense": 202,
        "totalOperatingExpense": 283,
        "totalOtherIncomeExpenseNet": -10
      },
      {
        "costOfGoodsSold": 100,
        "depreciationAmortization": 21,
        "dilutedAverageSharesOutstanding": 591,
        "dilutedEPS": 0.56,
        "ebit": 292,
        "gainLossOnDispositionOfAssets": 175,
        "grossIncome": 592,
        "interestExpense": 31,
        "interestIncomeExpense": -30,
        "netIncome": 333,
        "netIncomeAfterTaxes": 333,
        "nonRecurringItems": -5,
        "period": "2021-10-01",
        "pretaxIncome": 433,
        "provisionforIncomeTaxes": 100,
        "researchDevelopment": 66,
        "revenue": 692,
        "sgaExpense": 213,
        "totalOperatingExpense": 300,
        "totalOtherIncomeExpenseNet": 1
      },
      {
        "costOfGoodsSold": 102,
        "depreciationAmortization": 21,
        "dilutedAverageSharesOutstanding": 591,
        "dilutedEPS": 0.31,
        "ebit": 294,
        "grossIncome": 584,
        "interestExpense": 32,
        "interestIncomeExpense": -31,
        "netIncome": 181,
        "netIncomeAfterTaxes": 181,
        "nonRecurringItems": -12,
        "period": "2021-07-02",
        "pretaxIncome": 252,
        "provisionforIncomeTaxes": 71,
        "researchDevelopment": 68,
        "revenue": 686,
        "sgaExpense": 201,
        "totalOperatingExpense": 290,
        "totalOtherIncomeExpenseNet": 1
      },
      {
        "costOfGoodsSold": 99,
        "depreciationAmortization": 20,
        "dilutedAverageSharesOutstanding": 588,
        "dilutedEPS": 0.32,
        "ebit": 284,
        "gainLossOnDispositionOfAssets": 63,
        "grossIncome": 573,
        "interestExpense": 35,
        "interestIncomeExpense": -36,
        "netIncome": 194,
        "netIncomeAfterTaxes": 208,
        "nonRecurringItems": -27,
        "period": "2021-04-02",
        "pretaxIncome": 289,
        "provisionforIncomeTaxes": 81,
        "researchDevelopment": 68,
        "revenue": 672,
        "sgaExpense": 201,
        "totalOperatingExpense": 289,
        "totalOtherIncomeExpenseNet": 5
      },
      {
        "costOfGoodsSold": 87,
        "depreciationAmortization": 18,
        "dilutedAverageSharesOutstanding": 597,
        "dilutedEPS": 0.29,
        "ebit": 280,
        "grossIncome": 552,
        "interestExpense": 32,
        "interestIncomeExpense": -30,
        "netIncome": 178,
        "netIncomeAfterTaxes": 173,
        "period": "2021-01-01",
        "pretaxIncome": 253,
        "provisionforIncomeTaxes": 80,
        "researchDevelopment": 71,
        "revenue": 639,
        "sgaExpense": 183,
        "totalOperatingExpense": 272,
        "totalOtherIncomeExpenseNet": 3
      },
      {
        "costOfGoodsSold": 90,
        "depreciationAmortization": 18,
        "dilutedAverageSharesOutstanding": 600,
        "dilutedEPS": 0.1,
        "ebit": 243,
        "gainLossOnDispositionOfAssets": 35,
        "grossIncome": 536,
        "interestExpense": 37,
        "interestIncomeExpense": -36,
        "netIncome": 64,
        "netIncomeAfterTaxes": 166,
        "nonRecurringItems": -13,
        "period": "2020-10-02",
        "pretaxIncome": 231,
        "provisionforIncomeTaxes": 65,
        "researchDevelopment": 63,
        "revenue": 626,
        "sgaExpense": 212,
        "totalOperatingExpense": 293,
        "totalOtherIncomeExpenseNet": 2
      },
      {
        "costOfGoodsSold": 86,
        "depreciationAmortization": 18,
        "dilutedAverageSharesOutstanding": 614,
        "dilutedEPS": 0.19,
        "ebit": 240,
        "grossIncome": 528,
        "interestExpense": 40,
        "interestIncomeExpense": -37,
        "netIncome": 118,
        "netIncomeAfterTaxes": 149,
        "nonRecurringItems": -100,
        "period": "2020-07-03",
        "pretaxIncome": 99,
        "provisionforIncomeTaxes": -50,
        "researchDevelopment": 65,
        "revenue": 614,
        "sgaExpense": 205,
        "totalOperatingExpense": 288,
        "totalOtherIncomeExpenseNet": -4
      },
      {
        "costOfGoodsSold": 97,
        "depreciationAmortization": 18,
        "dilutedAverageSharesOutstanding": 640,
        "dilutedEPS": 0.36,
        "ebit": 182,
        "grossIncome": 517,
        "interestExpense": 50,
        "interestIncomeExpense": -25,
        "netIncome": 231,
        "netIncomeAfterTaxes": 149,
        "nonRecurringItems": 93,
        "period": "2020-04-03",
        "pretaxIncome": 257,
        "provisionforIncomeTaxes": 108,
        "researchDevelopment": 70,
        "revenue": 614,
        "sgaExpense": 247,
        "totalOperatingExpense": 335,
        "totalOtherIncomeExpenseNet": 7
      },
      {
        "costOfGoodsSold": 103,
        "depreciationAmortization": 20,
        "dilutedAverageSharesOutstanding": 647,
        "dilutedEPS": 4.39,
        "ebit": 160,
        "grossIncome": 515,
        "interestExpense": 51,
        "interestIncomeExpense": 352,
        "netIncome": 2845,
        "netIncomeAfterTaxes": 353,
        "nonRecurringItems": -98,
        "period": "2020-01-03",
        "pretaxIncome": 410,
        "provisionforIncomeTaxes": 57,
        "researchDevelopment": 72,
        "revenue": 618,
        "sgaExpense": 263,
        "totalOperatingExpense": 355,
        "totalOtherIncomeExpenseNet": -4
      },
      {
        "costOfGoodsSold": 97,
        "depreciationAmortization": 21,
        "dilutedAverageSharesOutstanding": 644,
        "dilutedEPS": 1.21,
        "ebit": 126,
        "gainLossOnDispositionOfAssets": 0,
        "grossIncome": 511,
        "interestExpense": 46,
        "interestIncomeExpense": -50,
        "netIncome": 785,
        "netIncomeAfterTaxes": 38,
        "nonRecurringItems": -17,
        "period": "2019-10-04",
        "pretaxIncome": 60,
        "provisionforIncomeTaxes": 22,
        "researchDevelopment": 85,
        "revenue": 608,
        "sgaExpense": 279,
        "totalOperatingExpense": 385,
        "totalOtherIncomeExpenseNet": 1
      },
      {
        "costOfGoodsSold": 96,
        "depreciationAmortization": 20,
        "dilutedAverageSharesOutstanding": 642,
        "dilutedEPS": 0.06,
        "ebit": 153,
        "grossIncome": 554,
        "interestExpense": 49,
        "interestIncomeExpense": -51,
        "netIncome": 26,
        "netIncomeAfterTaxes": 38,
        "nonRecurringItems": -13,
        "period": "2019-07-05",
        "pretaxIncome": 92,
        "provisionforIncomeTaxes": 54,
        "researchDevelopment": 101,
        "revenue": 650,
        "sgaExpense": 280,
        "totalOperatingExpense": 401,
        "totalOtherIncomeExpenseNet": 3
      },
      {
        "costOfGoodsSold": 124,
        "depreciationAmortization": 21,
        "dilutedAverageSharesOutstanding": 635,
        "dilutedEPS": 0.06,
        "ebit": 106,
        "grossIncome": 493,
        "interestExpense": 51,
        "interestIncomeExpense": -54,
        "netIncome": 34,
        "netIncomeAfterTaxes": 37,
        "nonRecurringItems": -34,
        "period": "2019-03-29",
        "pretaxIncome": 20,
        "provisionforIncomeTaxes": -17,
        "researchDevelopment": 98,
        "revenue": 617,
        "sgaExpense": 268,
        "totalOperatingExpense": 387,
        "totalOtherIncomeExpenseNet": 2
      },
      {
        "costOfGoodsSold": 110,
        "depreciationAmortization": 19,
        "dilutedAverageSharesOutstanding": 637,
        "dilutedEPS": 0.1,
        "ebit": 112,
        "grossIncome": 505,
        "interestExpense": 53,
        "interestIncomeExpense": -69,
        "netIncome": 65,
        "netIncomeAfterTaxes": -19,
        "nonRecurringItems": -50,
        "period": "2018-12-28",
        "pretaxIncome": -9,
        "provisionforIncomeTaxes": 10,
        "researchDevelopment": 110,
        "revenue": 615,
        "sgaExpense": 264,
        "totalOperatingExpense": 393,
        "totalOtherIncomeExpenseNet": -2
      },
      {
        "costOfGoodsSold": 116,
        "depreciationAmortization": 20,
        "dilutedAverageSharesOutstanding": 630,
        "dilutedEPS": -0.01,
        "ebit": 95,
        "grossIncome": 496,
        "interestExpense": 52,
        "interestIncomeExpense": -79,
        "netIncome": -8,
        "netIncomeAfterTaxes": -62,
        "nonRecurringItems": -52,
        "period": "2018-09-28",
        "pretaxIncome": -32,
        "provisionforIncomeTaxes": 30,
        "researchDevelopment": 105,
        "revenue": 612,
        "sgaExpense": 276,
        "totalOperatingExpense": 401,
        "totalOtherIncomeExpenseNet": 4
      },
      {
        "costOfGoodsSold": 110,
        "depreciationAmortization": 20,
        "dilutedAverageSharesOutstanding": 628.5,
        "dilutedEPS": -0.11,
        "ebit": 56,
        "grossIncome": 502,
        "interestExpense": 52,
        "interestIncomeExpense": -76,
        "netIncome": -60,
        "netIncomeAfterTaxes": -72,
        "nonRecurringItems": -85,
        "period": "2018-06-29",
        "pretaxIncome": -96,
        "provisionforIncomeTaxes": -24,
        "researchDevelopment": 109,
        "revenue": 612,
        "sgaExpense": 317,
        "totalOperatingExpense": 446,
        "totalOtherIncomeExpenseNet": 9
      },
      {
        "costOfGoodsSold": -305,
        "depreciationAmortization": -79,
        "dilutedAverageSharesOutstanding": 781,
        "dilutedEPS": -0.09,
        "ebit": -95,
        "grossIncome": -760,
        "interestExpense": 57,
        "interestIncomeExpense": -93,
        "netIncome": -59,
        "netIncomeAfterTaxes": -69,
        "nonRecurringItems": -107,
        "period": "2018-03-30",
        "pretaxIncome": -258,
        "provisionforIncomeTaxes": -189,
        "researchDevelopment": -244,
        "revenue": -1065,
        "sgaExpense": -342,
        "totalOperatingExpense": -665,
        "totalOtherIncomeExpenseNet": 37
      },
      {
        "costOfGoodsSold": 249,
        "depreciationAmortization": 52,
        "dilutedAverageSharesOutstanding": 667,
        "dilutedEPS": 2.01,
        "ebit": 189,
        "grossIncome": 960,
        "interestExpense": 58,
        "interestIncomeExpense": -53,
        "netIncome": 1342,
        "netIncomeAfterTaxes": 501,
        "nonRecurringItems": 565,
        "period": "2017-12-29",
        "pretaxIncome": 705,
        "provisionforIncomeTaxes": 204,
        "researchDevelopment": 225,
        "revenue": 1209,
        "sgaExpense": 494,
        "totalOperatingExpense": 771,
        "totalOtherIncomeExpenseNet": 4
      },
      {
        "costOfGoodsSold": 262,
        "depreciationAmortization": 55,
        "dilutedAverageSharesOutstanding": 615,
        "dilutedEPS": -0.03,
        "ebit": 88,
        "grossIncome": 978,
        "interestExpense": 57,
        "interestIncomeExpense": -52,
        "netIncome": -12,
        "netIncomeAfterTaxes": -16,
        "nonRecurringItems": -97,
        "period": "2017-09-29",
        "pretaxIncome": -69,
        "provisionforIncomeTaxes": -53,
        "researchDevelopment": 241,
        "revenue": 1240,
        "sgaExpense": 594,
        "totalOperatingExpense": 890,
        "totalOtherIncomeExpenseNet": -8
      },
      {
        "costOfGoodsSold": 257,
        "depreciationAmortization": 59,
        "dilutedAverageSharesOutstanding": 609,
        "dilutedEPS": -0.21,
        "ebit": 44,
        "grossIncome": 918,
        "interestExpense": 84,
        "interestIncomeExpense": -78,
        "netIncome": -133,
        "netIncomeAfterTaxes": -110,
        "nonRecurringItems": -88,
        "period": "2017-06-30",
        "pretaxIncome": -134,
        "provisionforIncomeTaxes": -24,
        "researchDevelopment": 233,
        "revenue": 1175,
        "sgaExpense": 582,
        "totalOperatingExpense": 874,
        "totalOtherIncomeExpenseNet": -12
      },
      {
        "costOfGoodsSold": 259,
        "depreciationAmortization": 56,
        "dilutedAverageSharesOutstanding": 618,
        "dilutedEPS": -0.23,
        "ebit": -106,
        "grossIncome": 856,
        "interestExpense": 74,
        "interestIncomeExpense": -67,
        "netIncome": -143,
        "netIncomeAfterTaxes": -177,
        "nonRecurringItems": -72,
        "period": "2017-03-31",
        "pretaxIncome": -248,
        "provisionforIncomeTaxes": -71,
        "researchDevelopment": 249,
        "revenue": 1115,
        "sgaExpense": 657,
        "totalOperatingExpense": 962,
        "totalOtherIncomeExpenseNet": -3
      },
      {
        "costOfGoodsSold": 235,
        "depreciationAmortization": 43,
        "dilutedAverageSharesOutstanding": 620,
        "dilutedEPS": 0.07,
        "ebit": 51,
        "grossIncome": 806,
        "interestExpense": 55,
        "interestIncomeExpense": -50,
        "netIncome": 46,
        "netIncomeAfterTaxes": -56,
        "nonRecurringItems": -67,
        "period": "2016-12-30",
        "pretaxIncome": -61,
        "provisionforIncomeTaxes": -5,
        "researchDevelopment": 204,
        "revenue": 1041,
        "sgaExpense": 508,
        "totalOperatingExpense": 755,
        "totalOtherIncomeExpenseNet": 5
      },
      {
        "costOfGoodsSold": 210,
        "depreciationAmortization": 34,
        "dilutedAverageSharesOutstanding": 620,
        "dilutedEPS": -0.23,
        "ebit": 52,
        "grossIncome": 769,
        "interestExpense": 52,
        "interestIncomeExpense": -48,
        "netIncome": -144,
        "netIncomeAfterTaxes": -69,
        "nonRecurringItems": -64,
        "period": "2016-09-30",
        "pretaxIncome": -50,
        "provisionforIncomeTaxes": 19,
        "researchDevelopment": 200,
        "revenue": 979,
        "sgaExpense": 483,
        "totalOperatingExpense": 717,
        "totalOtherIncomeExpenseNet": 10
      },
      {
        "costOfGoodsSold": 149,
        "depreciationAmortization": 14,
        "dilutedAverageSharesOutstanding": 620,
        "dilutedEPS": 0.21,
        "ebit": 176,
        "grossIncome": 735,
        "interestExpense": 27,
        "interestIncomeExpense": -22,
        "netIncome": 135,
        "netIncomeAfterTaxes": 66,
        "nonRecurringItems": -70,
        "period": "2016-07-01",
        "pretaxIncome": 97,
        "provisionforIncomeTaxes": 31,
        "researchDevelopment": 170,
        "revenue": 884,
        "sgaExpense": 375,
        "totalOperatingExpense": 559,
        "totalOtherIncomeExpenseNet": 13
      },
      {
        "costOfGoodsSold": 147,
        "depreciationAmortization": 16,
        "dilutedAverageSharesOutstanding": 649,
        "dilutedEPS": 3.15,
        "ebit": 148,
        "grossIncome": 726,
        "interestExpense": 19,
        "interestIncomeExpense": -15,
        "netIncome": 2045,
        "netIncomeAfterTaxes": -1013,
        "nonRecurringItems": -20,
        "period": "2016-04-01",
        "pretaxIncome": 116,
        "provisionforIncomeTaxes": 1129,
        "researchDevelopment": 177,
        "revenue": 873,
        "sgaExpense": 385,
        "totalOperatingExpense": 578,
        "totalOtherIncomeExpenseNet": 3
      },
      {
        "costOfGoodsSold": 150,
        "depreciationAmortization": 13,
        "dilutedAverageSharesOutstanding": 671,
        "dilutedEPS": 0.25,
        "ebit": 196,
        "grossIncome": 759,
        "interestExpense": 17,
        "interestIncomeExpense": -16,
        "netIncome": 170,
        "netIncomeAfterTaxes": 114,
        "nonRecurringItems": -50,
        "period": "2016-01-01",
        "pretaxIncome": 129,
        "provisionforIncomeTaxes": 15,
        "researchDevelopment": 174,
        "revenue": 909,
        "sgaExpense": 376,
        "totalOperatingExpense": 563,
        "totalOtherIncomeExpenseNet": -1
      },
      {
        "costOfGoodsSold": 160,
        "depreciationAmortization": 14,
        "dilutedAverageSharesOutstanding": 687,
        "dilutedEPS": 0.22,
        "ebit": 131,
        "grossIncome": 746,
        "interestExpense": 19,
        "interestIncomeExpense": -17,
        "netIncome": 156,
        "netIncomeAfterTaxes": 53,
        "nonRecurringItems": -31,
        "period": "2015-10-02",
        "pretaxIncome": 87,
        "provisionforIncomeTaxes": 34,
        "researchDevelopment": 199,
        "revenue": 906,
        "sgaExpense": 402,
        "totalOperatingExpense": 615,
        "totalOtherIncomeExpenseNet": 4
      }
    ],
    "symbol": "GEN"
  }
}