{
  "symbol": "POOL",
  "statement": "ic",
  "frequency": "quarterly",
  "timestamp": "2025-09-19T14:05:37.778684",
  "data": {
    "financials": [
      {
        "costOfGoodsSold": 1249.369,
        "dilutedAverageSharesOutstanding": 37.407,
        "dilutedEPS": 5.1674,
        "ebit": 272.67,
        "equityEarningsAffiliates": -0.013,
        "grossIncome": 535.161,
        "interestIncomeExpense": -12.219,
        "netIncome": 193.295,
        "netIncomeAfterTaxes": 194.271,
        "period": "2025-06-30",
        "pretaxIncome": 260.451,
        "provisionforIncomeTaxes": 66.18,
        "revenue": 1784.53,
        "sgaExpense": 262.491,
        "totalOperatingExpense": 262.491
      },
      {
        "costOfGoodsSold": 759.157,
        "dilutedAverageSharesOutstanding": 37.63,
        "dilutedEPS": 1.4159,
        "ebit": 77.538,
        "equityEarningsAffiliates": 0.054,
        "grossIncome": 312.369,
        "interestIncomeExpense": -11.164,
        "netIncome": 53.282,
        "netIncomeAfterTaxes": 53.491,
        "period": "2025-03-31",
        "pretaxIncome": 66.374,
        "provisionforIncomeTaxes": 12.883,
        "revenue": 1071.526,
        "sgaExpense": 234.831,
        "totalOperatingExpense": 234.831
      },
      {
        "costOfGoodsSold": 697.236,
        "dilutedAverageSharesOutstanding": 37.922,
        "dilutedEPS": 0.9789,
        "ebit": 60.65,
        "equityEarningsAffiliates": 0.027,
        "grossIncome": 290.243,
        "interestIncomeExpense": -10.432,
        "netIncome": 37.121,
        "netIncomeAfterTaxes": 37.273,
        "period": "2024-12-31",
        "pretaxIncome": 50.218,
        "provisionforIncomeTaxes": 12.945,
        "revenue": 987.479,
        "sgaExpense": 229.593,
        "totalOperatingExpense": 229.593
      },
      {
        "costOfGoodsSold": 1016.476,
        "dilutedAverageSharesOutstanding": 38.187,
        "dilutedEPS": 3.2746,
        "ebit": 176.353,
        "equityEarningsAffiliates": 0.064,
        "grossIncome": 416.403,
        "interestIncomeExpense": -12.355,
        "netIncome": 125.047,
        "netIncomeAfterTaxes": 125.637,
        "period": "2024-09-30",
        "pretaxIncome": 163.998,
        "provisionforIncomeTaxes": 38.361,
        "revenue": 1432.879,
        "sgaExpense": 240.05,
        "totalOperatingExpense": 240.05
      },
      {
        "costOfGoodsSold": 1239.643,
        "dilutedAverageSharesOutstanding": 38.325,
        "dilutedEPS": 4.9947,
        "ebit": 271.481,
        "equityEarningsAffiliates": 0.06,
        "grossIncome": 530.141,
        "interestIncomeExpense": -14.044,
        "netIncome": 191.421,
        "netIncomeAfterTaxes": 192.379,
        "period": "2024-06-30",
        "pretaxIncome": 257.437,
        "provisionforIncomeTaxes": 65.058,
        "revenue": 1769.784,
        "sgaExpense": 258.66,
        "totalOperatingExpense": 258.66
      },
      {
        "costOfGoodsSold": 782.251,
        "dilutedAverageSharesOutstanding": 38.362,
        "dilutedEPS": 2.0459,
        "ebit": 108.72,
        "equityEarningsAffiliates": 0.057,
        "grossIncome": 338.559,
        "interestIncomeExpense": -13.419,
        "netIncome": 78.486,
        "netIncomeAfterTaxes": 78.828,
        "period": "2024-03-31",
        "pretaxIncome": 95.301,
        "provisionforIncomeTaxes": 16.473,
        "revenue": 1120.81,
        "sgaExpense": 229.839,
        "totalOperatingExpense": 229.839
      },
      {
        "costOfGoodsSold": 709.275,
        "dilutedAverageSharesOutstanding": 38.652,
        "dilutedEPS": 1.3239,
        "ebit": 79.344,
        "equityEarningsAffiliates": -0.058,
        "grossIncome": 293.775,
        "interestIncomeExpense": -12.104,
        "netIncome": 51.17,
        "netIncomeAfterTaxes": 51.495,
        "period": "2023-12-31",
        "pretaxIncome": 67.24,
        "provisionforIncomeTaxes": 15.745,
        "revenue": 1003.05,
        "sgaExpense": 214.431,
        "totalOperatingExpense": 214.431
      },
      {
        "costOfGoodsSold": 1045.7,
        "dilutedAverageSharesOutstanding": 39,
        "dilutedEPS": 3.51,
        "ebit": 194.4,
        "equityEarningsAffiliates": 0.1,
        "grossIncome": 428.7,
        "interestIncomeExpense": -13.6,
        "netIncome": 137.1,
        "netIncomeAfterTaxes": 137.8,
        "period": "2023-09-30",
        "pretaxIncome": 180.8,
        "provisionforIncomeTaxes": 43.1,
        "revenue": 1474.4,
        "sgaExpense": 234.3,
        "totalOperatingExpense": 234.3
      },
      {
        "costOfGoodsSold": 1289.6,
        "dilutedAverageSharesOutstanding": 39.1,
        "dilutedEPS": 5.91,
        "ebit": 327,
        "equityEarningsAffiliates": 0.1,
        "grossIncome": 567.8,
        "interestIncomeExpense": -16.9,
        "netIncome": 231,
        "netIncomeAfterTaxes": 232.1,
        "period": "2023-06-30",
        "pretaxIncome": 310.1,
        "provisionforIncomeTaxes": 78,
        "revenue": 1857.4,
        "sgaExpense": 240.8,
        "totalOperatingExpense": 240.8
      },
      {
        "costOfGoodsSold": 837,
        "dilutedAverageSharesOutstanding": 39.1,
        "dilutedEPS": 2.58,
        "ebit": 145.8,
        "equityEarningsAffiliates": 0,
        "grossIncome": 369.8,
        "interestIncomeExpense": -15.8,
        "netIncome": 101.1,
        "netIncomeAfterTaxes": 101.7,
        "period": "2023-03-31",
        "pretaxIncome": 129.9,
        "provisionforIncomeTaxes": 28.3,
        "revenue": 1206.8,
        "sgaExpense": 224,
        "totalOperatingExpense": 224
      },
      {
        "costOfGoodsSold": 780.2,
        "dilutedAverageSharesOutstanding": 39.2,
        "dilutedEPS": 1.82,
        "ebit": 107.9,
        "equityEarningsAffiliates": 0.1,
        "grossIncome": 315.7,
        "interestIncomeExpense": -15.5,
        "netIncome": 71.5,
        "netIncomeAfterTaxes": 71.7,
        "nonRecurringItems": -0.6,
        "period": "2022-12-31",
        "pretaxIncome": 91.8,
        "provisionforIncomeTaxes": 20.1,
        "revenue": 1095.9,
        "sgaExpense": 207.8,
        "totalOperatingExpense": 207.8
      },
      {
        "costOfGoodsSold": 1111.7,
        "dilutedAverageSharesOutstanding": 39.6,
        "dilutedEPS": 4.78,
        "ebit": 263.9,
        "equityEarningsAffiliates": 0.1,
        "grossIncome": 503.7,
        "interestIncomeExpense": -11.7,
        "netIncome": 189,
        "netIncomeAfterTaxes": 190,
        "period": "2022-09-30",
        "pretaxIncome": 252.2,
        "provisionforIncomeTaxes": 62.2,
        "revenue": 1615.3,
        "sgaExpense": 239.8,
        "totalOperatingExpense": 239.8
      },
      {
        "costOfGoodsSold": 1389,
        "dilutedAverageSharesOutstanding": 39.9,
        "dilutedEPS": 7.65,
        "ebit": 418.9,
        "equityEarningsAffiliates": 0.1,
        "grossIncome": 666.8,
        "interestIncomeExpense": -8.5,
        "netIncome": 305.6,
        "netIncomeAfterTaxes": 307.2,
        "period": "2022-06-30",
        "pretaxIncome": 410.4,
        "provisionforIncomeTaxes": 103.2,
        "revenue": 2055.8,
        "sgaExpense": 247.9,
        "totalOperatingExpense": 247.9
      },
      {
        "costOfGoodsSold": 965.5,
        "dilutedAverageSharesOutstanding": 40.1,
        "dilutedEPS": 4.44,
        "ebit": 235.7,
        "equityEarningsAffiliates": 0.1,
        "grossIncome": 447.2,
        "interestIncomeExpense": -5.2,
        "netIncome": 178.2,
        "netIncomeAfterTaxes": 179.2,
        "period": "2022-03-31",
        "pretaxIncome": 230.5,
        "provisionforIncomeTaxes": 51.3,
        "revenue": 1412.7,
        "sgaExpense": 211.5,
        "totalOperatingExpense": 211.4
      },
      {
        "costOfGoodsSold": 713.2,
        "dilutedAverageSharesOutstanding": 39.6,
        "dilutedEPS": 2.72,
        "ebit": 126.8,
        "equityEarningsAffiliates": 0.1,
        "grossIncome": 322.4,
        "interestIncomeExpense": -1.8,
        "netIncome": 107.6,
        "netIncomeAfterTaxes": 107.5,
        "nonRecurringItems": 1.1,
        "period": "2021-12-31",
        "pretaxIncome": 126.1,
        "provisionforIncomeTaxes": 18.6,
        "revenue": 1035.6,
        "sgaExpense": 195.6,
        "totalOperatingExpense": 195.6
      },
      {
        "costOfGoodsSold": 969.5,
        "dilutedAverageSharesOutstanding": 40.7,
        "dilutedEPS": 4.54,
        "ebit": 235.9,
        "equityEarningsAffiliates": 0.1,
        "grossIncome": 441.9,
        "interestIncomeExpense": -2.3,
        "netIncome": 184.7,
        "netIncomeAfterTaxes": 184.6,
        "nonRecurringItems": 1.4,
        "period": "2021-09-30",
        "pretaxIncome": 235,
        "provisionforIncomeTaxes": 50.4,
        "revenue": 1411.4,
        "sgaExpense": 206,
        "totalOperatingExpense": 206.1
      },
      {
        "costOfGoodsSold": 1236.1,
        "dilutedAverageSharesOutstanding": 40.7,
        "dilutedEPS": 6.37,
        "ebit": 338.6,
        "equityEarningsAffiliates": 0.1,
        "grossIncome": 551.7,
        "interestIncomeExpense": -2,
        "netIncome": 259.7,
        "netIncomeAfterTaxes": 259.6,
        "nonRecurringItems": 0,
        "period": "2021-06-30",
        "pretaxIncome": 336.6,
        "provisionforIncomeTaxes": 77,
        "revenue": 1787.8,
        "sgaExpense": 213.1,
        "totalOperatingExpense": 213.1
      },
      {
        "costOfGoodsSold": 759.6,
        "dilutedAverageSharesOutstanding": 40.8,
        "dilutedEPS": 2.42,
        "ebit": 129,
        "equityEarningsAffiliates": 0.1,
        "grossIncome": 301.1,
        "interestIncomeExpense": -2.6,
        "netIncome": 98.7,
        "netIncomeAfterTaxes": 98.6,
        "nonRecurringItems": 0,
        "period": "2021-03-31",
        "pretaxIncome": 126.4,
        "provisionforIncomeTaxes": 27.9,
        "revenue": 1060.7,
        "sgaExpense": 172.1,
        "totalOperatingExpense": 172.1
      },
      {
        "costOfGoodsSold": 600.2,
        "dilutedAverageSharesOutstanding": 40.9,
        "dilutedEPS": 1.45,
        "ebit": 74.4,
        "equityEarningsAffiliates": 0,
        "grossIncome": 239.1,
        "interestIncomeExpense": -3.1,
        "netIncome": 59.2,
        "netIncomeAfterTaxes": 59.1,
        "nonRecurringItems": 0,
        "period": "2020-12-31",
        "pretaxIncome": 71.3,
        "provisionforIncomeTaxes": 12.2,
        "revenue": 839.3,
        "sgaExpense": 164.7,
        "totalOperatingExpense": 164.7
      },
      {
        "costOfGoodsSold": 810.5,
        "dilutedAverageSharesOutstanding": 40.8,
        "dilutedEPS": 2.92,
        "ebit": 148.2,
        "equityEarningsAffiliates": 0.1,
        "grossIncome": 328.7,
        "interestIncomeExpense": -1.9,
        "netIncome": 119.1,
        "netIncomeAfterTaxes": 119,
        "nonRecurringItems": 0,
        "period": "2020-09-30",
        "pretaxIncome": 146.4,
        "provisionforIncomeTaxes": 27.4,
        "revenue": 1139.2,
        "sgaExpense": 180.5,
        "totalOperatingExpense": 180.5
      },
      {
        "costOfGoodsSold": 907.4,
        "dilutedAverageSharesOutstanding": 40.7,
        "dilutedEPS": 3.87,
        "ebit": 205.9,
        "equityEarningsAffiliates": 0.1,
        "grossIncome": 373.5,
        "interestIncomeExpense": -2.6,
        "netIncome": 157.6,
        "netIncomeAfterTaxes": 157.5,
        "nonRecurringItems": 0,
        "period": "2020-06-30",
        "pretaxIncome": 203.2,
        "provisionforIncomeTaxes": 45.7,
        "revenue": 1280.8,
        "sgaExpense": 167.6,
        "totalOperatingExpense": 167.6
      },
      {
        "costOfGoodsSold": 487.7,
        "dilutedAverageSharesOutstanding": 41,
        "dilutedEPS": 0.75,
        "ebit": 42.5,
        "equityEarningsAffiliates": 0.1,
        "grossIncome": 189.6,
        "interestIncomeExpense": -4.8,
        "netIncome": 30.9,
        "netIncomeAfterTaxes": 30.8,
        "nonRecurringItems": -6.9,
        "period": "2020-03-31",
        "pretaxIncome": 30.8,
        "provisionforIncomeTaxes": 0,
        "revenue": 677.3,
        "sgaExpense": 147.1,
        "totalOperatingExpense": 147.1
      },
      {
        "costOfGoodsSold": 420.2,
        "dilutedAverageSharesOutstanding": 41,
        "dilutedEPS": 0.44,
        "ebit": 25.8,
        "equityEarningsAffiliates": 0.1,
        "grossIncome": 162.1,
        "interestIncomeExpense": -5.2,
        "minorityInterest": 0,
        "netIncome": 18,
        "netIncomeAfterTaxes": 18,
        "period": "2019-12-31",
        "pretaxIncome": 20.6,
        "provisionforIncomeTaxes": 2.6,
        "revenue": 582.2,
        "sgaExpense": 136.3,
        "totalOperatingExpense": 136.2
      },
      {
        "costOfGoodsSold": 640.6,
        "dilutedAverageSharesOutstanding": 40.9,
        "dilutedEPS": 1.95,
        "ebit": 104.5,
        "equityEarningsAffiliates": 0.1,
        "grossIncome": 257.9,
        "interestIncomeExpense": -5.5,
        "netIncome": 79.5,
        "netIncomeAfterTaxes": 79.4,
        "period": "2019-09-30",
        "pretaxIncome": 99,
        "provisionforIncomeTaxes": 19.6,
        "revenue": 898.5,
        "sgaExpense": 153.4,
        "totalOperatingExpense": 153.4
      },
      {
        "costOfGoodsSold": 791,
        "dilutedAverageSharesOutstanding": 40.8,
        "dilutedEPS": 3.22,
        "ebit": 172.5,
        "equityEarningsAffiliates": 0.1,
        "grossIncome": 330.3,
        "interestIncomeExpense": -6.4,
        "netIncome": 131.4,
        "netIncomeAfterTaxes": 131.3,
        "period": "2019-06-30",
        "pretaxIncome": 166.1,
        "provisionforIncomeTaxes": 34.8,
        "revenue": 1121.3,
        "sgaExpense": 157.8,
        "totalOperatingExpense": 157.8
      },
      {
        "costOfGoodsSold": 422.8,
        "dilutedAverageSharesOutstanding": 40.7,
        "dilutedEPS": 0.8,
        "ebit": 38.4,
        "equityEarningsAffiliates": 0.1,
        "grossIncome": 174.6,
        "interestIncomeExpense": -6.6,
        "netIncome": 32.6,
        "netIncomeAfterTaxes": 32.6,
        "period": "2019-03-31",
        "pretaxIncome": 31.8,
        "provisionforIncomeTaxes": -0.8,
        "revenue": 597.5,
        "sgaExpense": 136.2,
        "totalOperatingExpense": 136.3
      },
      {
        "costOfGoodsSold": 382.6,
        "dilutedAverageSharesOutstanding": 41.3,
        "dilutedEPS": 0.41,
        "ebit": 26,
        "equityEarningsAffiliates": 0.1,
        "grossIncome": 160.4,
        "interestIncomeExpense": -6.4,
        "minorityInterest": 0,
        "netIncome": 16.8,
        "netIncomeAfterTaxes": 16.7,
        "period": "2018-12-31",
        "pretaxIncome": 19.5,
        "provisionforIncomeTaxes": 2.8,
        "revenue": 543.1,
        "sgaExpense": 134.5,
        "totalOperatingExpense": 134.5
      },
      {
        "costOfGoodsSold": 576.3,
        "dilutedAverageSharesOutstanding": 41.8,
        "dilutedEPS": 1.66,
        "ebit": 92.3,
        "equityEarningsAffiliates": 0.1,
        "grossIncome": 235,
        "interestIncomeExpense": -4.9,
        "minorityInterest": 0,
        "netIncome": 69.3,
        "netIncomeAfterTaxes": 69.2,
        "period": "2018-09-30",
        "pretaxIncome": 87.4,
        "provisionforIncomeTaxes": 18.2,
        "revenue": 811.3,
        "sgaExpense": 142.7,
        "totalOperatingExpense": 142.7
      },
      {
        "costOfGoodsSold": 749.1,
        "dilutedAverageSharesOutstanding": 41.8,
        "dilutedEPS": 2.8,
        "ebit": 162,
        "equityEarningsAffiliates": 0.1,
        "grossIncome": 308.7,
        "interestIncomeExpense": -6,
        "minorityInterest": 0,
        "netIncome": 117,
        "netIncomeAfterTaxes": 117,
        "period": "2018-06-30",
        "pretaxIncome": 156.1,
        "provisionforIncomeTaxes": 39.1,
        "revenue": 1057.8,
        "sgaExpense": 146.6,
        "totalOperatingExpense": 146.7
      },
      {
        "costOfGoodsSold": 419.8,
        "dilutedAverageSharesOutstanding": 41.9,
        "dilutedEPS": 0.75,
        "ebit": 33.5,
        "equityEarningsAffiliates": 0,
        "grossIncome": 166.1,
        "interestIncomeExpense": -3.5,
        "minorityInterest": 0,
        "netIncome": 31.3,
        "netIncomeAfterTaxes": 31.3,
        "period": "2018-03-31",
        "pretaxIncome": 30,
        "provisionforIncomeTaxes": -1.3,
        "revenue": 585.9,
        "sgaExpense": 132.5,
        "totalOperatingExpense": 132.6
      },
      {
        "costOfGoodsSold": 364.8,
        "dilutedAverageSharesOutstanding": 41.7,
        "dilutedEPS": 0.61,
        "ebit": 17.3,
        "equityEarningsAffiliates": 0,
        "grossIncome": 145.4,
        "interestIncomeExpense": -3.6,
        "minorityInterest": 0,
        "netIncome": 25.7,
        "netIncomeAfterTaxes": 13.6,
        "period": "2017-12-31",
        "pretaxIncome": 13.7,
        "provisionforIncomeTaxes": 0,
        "revenue": 510.2,
        "sgaExpense": 128.1,
        "totalOperatingExpense": 128.1
      },
      {
        "costOfGoodsSold": 526.8,
        "dilutedAverageSharesOutstanding": 42.2,
        "dilutedEPS": 1.16,
        "ebit": 81.9,
        "equityEarningsAffiliates": 0,
        "grossIncome": 216.6,
        "interestIncomeExpense": -4,
        "minorityInterest": 0,
        "netIncome": 48.8,
        "netIncomeAfterTaxes": 48.7,
        "period": "2017-09-30",
        "pretaxIncome": 77.9,
        "provisionforIncomeTaxes": 29.2,
        "revenue": 743.4,
        "sgaExpense": 134.7,
        "totalOperatingExpense": 134.7
      },
      {
        "costOfGoodsSold": 698.5,
        "dilutedAverageSharesOutstanding": 43,
        "dilutedEPS": 2.21,
        "ebit": 154.2,
        "equityEarningsAffiliates": 0,
        "grossIncome": 289.7,
        "interestIncomeExpense": -4,
        "minorityInterest": 0.3,
        "netIncome": 94.9,
        "netIncomeAfterTaxes": 94.6,
        "period": "2017-06-30",
        "pretaxIncome": 150.2,
        "provisionforIncomeTaxes": 55.7,
        "revenue": 988.2,
        "sgaExpense": 135.5,
        "totalOperatingExpense": 135.5
      },
      {
        "costOfGoodsSold": 392.8,
        "dilutedAverageSharesOutstanding": 42.9,
        "dilutedEPS": 0.52,
        "ebit": 31,
        "equityEarningsAffiliates": 0,
        "grossIncome": 153.6,
        "interestIncomeExpense": -3.6,
        "minorityInterest": 0,
        "netIncome": 22.3,
        "netIncomeAfterTaxes": 22.2,
        "period": "2017-03-31",
        "pretaxIncome": 27.4,
        "provisionforIncomeTaxes": 5.1,
        "revenue": 546.4,
        "sgaExpense": 122.6,
        "totalOperatingExpense": 122.6
      },
      {
        "costOfGoodsSold": 317.5,
        "dilutedAverageSharesOutstanding": 42.3,
        "dilutedEPS": 0.06,
        "ebit": 9.7,
        "equityEarningsAffiliates": 0,
        "grossIncome": 127.8,
        "interestIncomeExpense": -4.5,
        "minorityInterest": 0,
        "netIncome": 2.6,
        "netIncomeAfterTaxes": 2.5,
        "period": "2016-12-31",
        "pretaxIncome": 5.2,
        "provisionforIncomeTaxes": 2.7,
        "revenue": 445.2,
        "sgaExpense": 118,
        "totalOperatingExpense": 118
      },
      {
        "costOfGoodsSold": 491.9,
        "dilutedAverageSharesOutstanding": 43.1,
        "dilutedEPS": 1.03,
        "ebit": 74.2,
        "equityEarningsAffiliates": 0.1,
        "grossIncome": 199.6,
        "interestIncomeExpense": -3,
        "minorityInterest": 0.1,
        "netIncome": 44.5,
        "netIncomeAfterTaxes": 44.4,
        "period": "2016-09-30",
        "pretaxIncome": 71.2,
        "provisionforIncomeTaxes": 26.8,
        "revenue": 691.4,
        "sgaExpense": 125.4,
        "totalOperatingExpense": 125.4
      },
      {
        "costOfGoodsSold": 648.2,
        "dilutedAverageSharesOutstanding": 43.2,
        "dilutedEPS": 1.98,
        "ebit": 142.4,
        "equityEarningsAffiliates": 0,
        "grossIncome": 270.7,
        "interestIncomeExpense": -4,
        "minorityInterest": 0.2,
        "netIncome": 85.4,
        "netIncomeAfterTaxes": 85.2,
        "period": "2016-06-30",
        "pretaxIncome": 138.4,
        "provisionforIncomeTaxes": 53.2,
        "revenue": 918.9,
        "sgaExpense": 128.3,
        "totalOperatingExpense": 128.3
      },
      {
        "costOfGoodsSold": 372.2,
        "dilutedAverageSharesOutstanding": 43.3,
        "dilutedEPS": 0.38,
        "ebit": 29.5,
        "equityEarningsAffiliates": 0,
        "grossIncome": 143,
        "interestIncomeExpense": -3,
        "minorityInterest": 0,
        "netIncome": 16.4,
        "netIncomeAfterTaxes": 16.3,
        "period": "2016-03-31",
        "pretaxIncome": 26.6,
        "provisionforIncomeTaxes": 10.2,
        "revenue": 515.3,
        "sgaExpense": 113.5,
        "totalOperatingExpense": 113.5
      },
      {
        "costOfGoodsSold": 296.8,
        "dilutedAverageSharesOutstanding": 43.8,
        "dilutedEPS": 0.06,
        "ebit": 6,
        "equityEarningsAffiliates": 0,
        "grossIncome": 118.3,
        "interestIncomeExpense": -1.7,
        "minorityInterest": -0.1,
        "netIncome": 2.5,
        "netIncomeAfterTaxes": 2.6,
        "period": "2015-12-31",
        "pretaxIncome": 4.3,
        "provisionforIncomeTaxes": 1.6,
        "revenue": 415.1,
        "sgaExpense": 112.3,
        "totalOperatingExpense": 112.3
      },
      {
        "costOfGoodsSold": 461.5,
        "dilutedAverageSharesOutstanding": 43.9,
        "dilutedEPS": 0.9,
        "ebit": 65.5,
        "equityEarningsAffiliates": 0.1,
        "grossIncome": 184.3,
        "interestIncomeExpense": -2.5,
        "minorityInterest": 0,
        "netIncome": 39.4,
        "netIncomeAfterTaxes": 39.3,
        "period": "2015-09-30",
        "pretaxIncome": 63,
        "provisionforIncomeTaxes": 23.7,
        "revenue": 645.8,
        "sgaExpense": 118.8,
        "totalOperatingExpense": 118.8
      }
    ],
    "symbol": "POOL"
  }
}