{
  "symbol": "INVH",
  "statement": "ic",
  "frequency": "annual",
  "timestamp": "2025-09-19T14:02:19.462573",
  "data": {
    "financials": [
      {
        "costOfGoodsSold": 1072.763,
        "depreciationAmortization": 714.326,
        "dilutedAverageSharesOutstanding": 613.6316,
        "dilutedEPS": 0.7385,
        "ebit": 741.522,
        "gainLossOnDispositionOfAssets": 244.55,
        "grossIncome": 1546.179,
        "interestExpense": 366.07,
        "interestIncomeExpense": -393.469,
        "minorityInterest": -1.448,
        "netIncome": 453.164,
        "netIncomeAfterTaxes": 455.365,
        "nonRecurringItems": -83.206,
        "otherOperatingExpensesTotal": -0.281,
        "period": "2024-12-31",
        "pretaxIncome": 455.365,
        "revenue": 2618.942,
        "sgaExpense": 90.612,
        "totalOperatingExpense": 804.657,
        "totalOtherIncomeExpenseNet": -54.032,
        "year": 2024
      },
      {
        "costOfGoodsSold": 976.144,
        "depreciationAmortization": 674.287,
        "dilutedAverageSharesOutstanding": 613.2887,
        "dilutedEPS": 0.8459,
        "ebit": 699.534,
        "gainLossOnDispositionOfAssets": 183.54,
        "grossIncome": 1456.134,
        "interestExpense": 333.457,
        "interestIncomeExpense": -350.984,
        "minorityInterest": -1.558,
        "netIncome": 518.774,
        "netIncomeAfterTaxes": 521.028,
        "nonRecurringItems": -8.627,
        "otherOperatingExpensesTotal": -0.031,
        "period": "2023-12-31",
        "pretaxIncome": 521.028,
        "revenue": 2432.278,
        "sgaExpense": 82.344,
        "totalOperatingExpense": 756.6,
        "totalOtherIncomeExpenseNet": -2.435,
        "year": 2023
      },
      {
        "costOfGoodsSold": 874.3,
        "depreciationAmortization": 638.1,
        "dilutedAverageSharesOutstanding": 611.1,
        "dilutedEPS": 0.63,
        "ebit": 651.7,
        "gainLossOnDispositionOfAssets": 90.7,
        "grossIncome": 1363.8,
        "interestExpense": 304.092,
        "interestIncomeExpense": -317.6,
        "minorityInterest": -1.5,
        "netIncome": 382.7,
        "netIncomeAfterTaxes": 384.8,
        "nonRecurringItems": -28.7,
        "period": "2022-12-31",
        "pretaxIncome": 384.8,
        "revenue": 2238.1,
        "sgaExpense": 74,
        "totalOperatingExpense": 712.1,
        "totalOtherIncomeExpenseNet": -11.3,
        "year": 2022
      },
      {
        "costOfGoodsSold": 777.8,
        "depreciationAmortization": 592.1,
        "dilutedAverageSharesOutstanding": 579.2,
        "dilutedEPS": 0.45,
        "ebit": 550.9,
        "gainLossOnDispositionOfAssets": 60,
        "grossIncome": 1218.9,
        "interestExpense": 322.661,
        "interestIncomeExpense": -333.6,
        "minorityInterest": -1.4,
        "netIncome": 261.1,
        "netIncomeAfterTaxes": 262.8,
        "nonRecurringItems": -8.7,
        "period": "2021-12-31",
        "pretaxIncome": 262.8,
        "revenue": 1996.6,
        "sgaExpense": 75.8,
        "totalOperatingExpense": 667.9,
        "totalOtherIncomeExpenseNet": -5.8,
        "year": 2021
      },
      {
        "costOfGoodsSold": 739.2,
        "depreciationAmortization": 552.5,
        "dilutedAverageSharesOutstanding": 555.5,
        "dilutedEPS": 0.35,
        "ebit": 467.8,
        "gainLossOnDispositionOfAssets": 54.6,
        "grossIncome": 1083.7,
        "interestExpense": 353.923,
        "interestIncomeExpense": -324.2,
        "minorityInterest": -1.2,
        "netIncome": 195.8,
        "netIncomeAfterTaxes": 197.4,
        "nonRecurringItems": -0.7,
        "period": "2020-12-31",
        "pretaxIncome": 197.4,
        "revenue": 1822.8,
        "sgaExpense": 63.3,
        "totalOperatingExpense": 615.8,
        "totalOtherIncomeExpenseNet": -0.1,
        "year": 2020
      },
      {
        "costOfGoodsSold": 731.6,
        "depreciationAmortization": 533.7,
        "dilutedAverageSharesOutstanding": 532.5,
        "dilutedEPS": 0.27,
        "ebit": 429.4,
        "gainLossOnDispositionOfAssets": 96.3,
        "grossIncome": 1033.1,
        "interestExpense": 367.047,
        "interestIncomeExpense": -367.2,
        "minorityInterest": -1.6,
        "netIncome": 145.1,
        "netIncomeAfterTaxes": 147.1,
        "nonRecurringItems": -23.1,
        "period": "2019-12-31",
        "pretaxIncome": 147.1,
        "revenue": 1764.7,
        "sgaExpense": 69.9,
        "totalOperatingExpense": 603.6,
        "totalOtherIncomeExpenseNet": 11.6,
        "year": 2019
      },
      {
        "costOfGoodsSold": 720.9,
        "depreciationAmortization": 560.5,
        "dilutedAverageSharesOutstanding": 520.4,
        "dilutedEPS": -0.01,
        "ebit": 365.7,
        "gainLossOnDispositionOfAssets": 49.7,
        "grossIncome": 1002.1,
        "interestExpense": 382.954,
        "interestIncomeExpense": -383.6,
        "minorityInterest": 0.1,
        "netIncome": -5.7,
        "netIncomeAfterTaxes": -5,
        "nonRecurringItems": -43.8,
        "period": "2018-12-31",
        "pretaxIncome": -5,
        "revenue": 1723,
        "sgaExpense": 75.8,
        "totalOperatingExpense": 636.3,
        "totalOtherIncomeExpenseNet": 7,
        "year": 2018
      },
      {
        "costOfGoodsSold": 434.8,
        "depreciationAmortization": 309.6,
        "dilutedAverageSharesOutstanding": 339.4,
        "dilutedEPS": -0.26,
        "ebit": 172.1,
        "gainLossOnDispositionOfAssets": 33.9,
        "grossIncome": 619.6,
        "interestExpense": 256.606,
        "interestIncomeExpense": -257,
        "minorityInterest": 0.5,
        "netIncome": -89.1,
        "netIncomeAfterTaxes": -105.8,
        "nonRecurringItems": -53.9,
        "period": "2017-12-31",
        "pretaxIncome": -105.8,
        "revenue": 1054.5,
        "sgaExpense": 137.9,
        "totalOperatingExpense": 447.5,
        "totalOtherIncomeExpenseNet": -1,
        "year": 2017
      },
      {
        "costOfGoodsSold": 390.8,
        "depreciationAmortization": 267.7,
        "dilutedAverageSharesOutstanding": 310.4,
        "dilutedEPS": -0.25,
        "ebit": 195,
        "gainLossOnDispositionOfAssets": 18.5,
        "grossIncome": 531.8,
        "interestExpense": 286.048,
        "interestIncomeExpense": -286,
        "netIncome": -78.2,
        "netIncomeAfterTaxes": -78.2,
        "nonRecurringItems": -4.2,
        "period": "2016-12-31",
        "pretaxIncome": -78.2,
        "revenue": 922.6,
        "sgaExpense": 69.1,
        "totalOperatingExpense": 336.8,
        "totalOtherIncomeExpenseNet": -1.5,
        "year": 2016
      },
      {
        "costOfGoodsSold": 387.4,
        "depreciationAmortization": 250.2,
        "dilutedAverageSharesOutstanding": 302.1,
        "dilutedEPS": -0.53,
        "ebit": 119,
        "gainLossOnDispositionOfAssets": 2,
        "grossIncome": 448.6,
        "interestExpense": 273.736,
        "interestIncomeExpense": -273.7,
        "netIncome": -160.2,
        "netIncomeAfterTaxes": -160.2,
        "nonRecurringItems": -4.6,
        "period": "2015-12-31",
        "pretaxIncome": -160.2,
        "revenue": 836,
        "sgaExpense": 79.4,
        "totalOperatingExpense": 329.7,
        "totalOtherIncomeExpenseNet": -2.8,
        "year": 2015
      }
    ],
    "symbol": "INVH"
  }
}