{
  "symbol": "FFIV",
  "statement": "ic",
  "frequency": "annual",
  "timestamp": "2025-09-19T14:00:18.364955",
  "data": {
    "financials": [
      {
        "costOfGoodsSold": 557.647,
        "dilutedAverageSharesOutstanding": 59.359,
        "dilutedEPS": 9.5483,
        "ebit": 667.246,
        "grossIncome": 2258.473,
        "netIncome": 566.778,
        "netIncomeAfterTaxes": 566.778,
        "nonRecurringItems": -8.655,
        "period": "2024-09-30",
        "pretaxIncome": 695.465,
        "provisionforIncomeTaxes": 128.687,
        "researchDevelopment": 490.12,
        "revenue": 2816.12,
        "sgaExpense": 1101.107,
        "totalOperatingExpense": 1591.227,
        "totalOtherIncomeExpenseNet": 36.874,
        "year": 2024
      },
      {
        "costOfGoodsSold": 593.3,
        "dilutedAverageSharesOutstanding": 60.3,
        "dilutedEPS": 6.55,
        "ebit": 538,
        "grossIncome": 2219.9,
        "netIncome": 394.9,
        "netIncomeAfterTaxes": 394.9,
        "nonRecurringItems": -65.4,
        "period": "2023-09-30",
        "pretaxIncome": 486,
        "provisionforIncomeTaxes": 91,
        "researchDevelopment": 540.3,
        "revenue": 2813.2,
        "sgaExpense": 1141.6,
        "totalOperatingExpense": 1681.9,
        "totalOtherIncomeExpenseNet": 13.4,
        "year": 2023
      },
      {
        "costOfGoodsSold": 539.6,
        "dilutedAverageSharesOutstanding": 61.1,
        "dilutedEPS": 5.27,
        "ebit": 417.9,
        "grossIncome": 2156.2,
        "netIncome": 322.2,
        "netIncomeAfterTaxes": 322.2,
        "nonRecurringItems": -14.1,
        "period": "2022-09-30",
        "pretaxIncome": 385.4,
        "provisionforIncomeTaxes": 63.2,
        "researchDevelopment": 543.4,
        "revenue": 2695.8,
        "sgaExpense": 1195,
        "totalOperatingExpense": 1738.4,
        "totalOtherIncomeExpenseNet": -18.4,
        "year": 2022
      },
      {
        "costOfGoodsSold": 486.8,
        "dilutedAverageSharesOutstanding": 62.1,
        "dilutedEPS": 5.34,
        "ebit": 444.2,
        "grossIncome": 2116.6,
        "interestExpense": 9.588,
        "interestIncomeExpense": -7.1,
        "netIncome": 331.2,
        "netIncomeAfterTaxes": 331.2,
        "nonRecurringItems": -50.2,
        "period": "2021-09-30",
        "pretaxIncome": 386.9,
        "provisionforIncomeTaxes": 55.7,
        "researchDevelopment": 499.7,
        "revenue": 2603.4,
        "sgaExpense": 1172.8,
        "totalOperatingExpense": 1672.4,
        "year": 2021
      },
      {
        "costOfGoodsSold": 407.9,
        "dilutedAverageSharesOutstanding": 61.4,
        "dilutedEPS": 5.01,
        "ebit": 425.1,
        "grossIncome": 1942.9,
        "interestExpense": 8.07,
        "interestIncomeExpense": 4.1,
        "netIncome": 307.4,
        "netIncomeAfterTaxes": 307.4,
        "nonRecurringItems": -32.8,
        "period": "2020-09-30",
        "pretaxIncome": 396.4,
        "provisionforIncomeTaxes": 89,
        "researchDevelopment": 441.3,
        "revenue": 2350.8,
        "sgaExpense": 1076.5,
        "totalOperatingExpense": 1517.9,
        "year": 2020
      },
      {
        "costOfGoodsSold": 356.6,
        "dilutedAverageSharesOutstanding": 60.5,
        "dilutedEPS": 7.08,
        "ebit": 524.8,
        "grossIncome": 1885.9,
        "interestExpense": 11.152,
        "interestIncomeExpense": 22.6,
        "netIncome": 427.7,
        "netIncomeAfterTaxes": 427.7,
        "nonRecurringItems": -6.3,
        "period": "2019-09-30",
        "pretaxIncome": 541.1,
        "provisionforIncomeTaxes": 113.4,
        "researchDevelopment": 408.1,
        "revenue": 2242.4,
        "sgaExpense": 953,
        "totalOperatingExpense": 1361.1,
        "year": 2019
      },
      {
        "costOfGoodsSold": 361.5,
        "dilutedAverageSharesOutstanding": 62,
        "dilutedEPS": 7.31,
        "ebit": 609.3,
        "grossIncome": 1799.9,
        "interestExpense": 4.1465,
        "interestIncomeExpense": 12.9,
        "netIncome": 453.7,
        "netIncomeAfterTaxes": 474.7,
        "nonRecurringItems": -18.4,
        "period": "2018-09-30",
        "pretaxIncome": 603.8,
        "provisionforIncomeTaxes": 129.1,
        "researchDevelopment": 366.1,
        "revenue": 2161.4,
        "sgaExpense": 824.5,
        "totalOperatingExpense": 1190.6,
        "year": 2018
      },
      {
        "costOfGoodsSold": 353.5,
        "dilutedAverageSharesOutstanding": 64.8,
        "dilutedEPS": 6.5,
        "ebit": 577.1,
        "grossIncome": 1736.6,
        "interestExpense": 3.939,
        "interestIncomeExpense": 11.6,
        "netIncome": 420.8,
        "netIncomeAfterTaxes": 420.8,
        "nonRecurringItems": -13.1,
        "period": "2017-09-30",
        "pretaxIncome": 575.5,
        "provisionforIncomeTaxes": 154.8,
        "researchDevelopment": 350.4,
        "revenue": 2090,
        "sgaExpense": 809.1,
        "totalOperatingExpense": 1159.5,
        "year": 2017
      },
      {
        "costOfGoodsSold": 337.2,
        "dilutedAverageSharesOutstanding": 68,
        "dilutedEPS": 5.38,
        "ebit": 556.5,
        "grossIncome": 1657.8,
        "interestIncomeExpense": -0.6,
        "netIncome": 365.9,
        "netIncomeAfterTaxes": 365.9,
        "nonRecurringItems": -9.1,
        "period": "2016-09-30",
        "pretaxIncome": 549.9,
        "provisionforIncomeTaxes": 184,
        "researchDevelopment": 334.2,
        "revenue": 1995,
        "sgaExpense": 767.2,
        "totalOperatingExpense": 1101.4,
        "totalOtherIncomeExpenseNet": 3.1,
        "year": 2016
      },
      {
        "costOfGoodsSold": 332.3,
        "dilutedAverageSharesOutstanding": 72.5,
        "dilutedEPS": 5.03,
        "ebit": 552.9,
        "grossIncome": 1587.6,
        "interestExpense": 0.955,
        "interestIncomeExpense": 8.4,
        "netIncome": 365,
        "netIncomeAfterTaxes": 365,
        "nonRecurringItems": 0,
        "period": "2015-09-30",
        "pretaxIncome": 561.3,
        "provisionforIncomeTaxes": 196.3,
        "researchDevelopment": 296.6,
        "revenue": 1919.8,
        "sgaExpense": 738.1,
        "totalOperatingExpense": 1034.6,
        "year": 2015
      }
    ],
    "symbol": "FFIV"
  }
}