{
  "symbol": "CPRT",
  "statement": "ic",
  "frequency": "annual",
  "timestamp": "2025-09-19T13:58:30.536879",
  "data": {
    "financials": [
      {
        "costOfGoodsSold": 2547.315,
        "depreciationAmortization": 24.074,
        "dilutedAverageSharesOutstanding": 977.563,
        "dilutedEPS": 1.59,
        "ebit": 1696.714,
        "grossIncome": 2099.643,
        "interestIncomeExpense": 178.909,
        "minorityInterest": 4.086,
        "netIncome": 1552.449,
        "netIncomeAfterTaxes": 1548.363,
        "period": "2025-07-31",
        "pretaxIncome": 1895.581,
        "provisionforIncomeTaxes": 347.218,
        "revenue": 4646.958,
        "sgaExpense": 378.855,
        "totalOperatingExpense": 402.929,
        "totalOtherIncomeExpenseNet": 19.958,
        "year": 2025
      },
      {
        "costOfGoodsSold": 2303.471,
        "depreciationAmortization": 19.111,
        "dilutedAverageSharesOutstanding": 974.798,
        "dilutedEPS": 1.4,
        "ebit": 1572.023,
        "grossIncome": 1933.352,
        "interestIncomeExpense": 145.673,
        "minorityInterest": 0.673,
        "netIncome": 1363.02,
        "netIncomeAfterTaxes": 1362.347,
        "nonRecurringItems": 0,
        "otherOperatingExpensesTotal": 9.017,
        "period": "2024-07-31",
        "pretaxIncome": 1714.601,
        "provisionforIncomeTaxes": 352.254,
        "revenue": 4236.823,
        "sgaExpense": 333.201,
        "totalOperatingExpense": 361.329,
        "totalOtherIncomeExpenseNet": -3.095,
        "year": 2024
      },
      {
        "costOfGoodsSold": 2100.15,
        "depreciationAmortization": 159.48,
        "dilutedAverageSharesOutstanding": 966.65,
        "dilutedEPS": 1.28,
        "ebit": 1486.57,
        "gainLossOnDispositionOfAssets": 1.85,
        "grossIncome": 1769.37,
        "interestExpense": 2.7,
        "netIncome": 1237.74,
        "netIncomeAfterTaxes": 1237.74,
        "otherOperatingExpensesTotal": -159.48,
        "period": "2023-07-31",
        "pretaxIncome": 1554.33,
        "provisionforIncomeTaxes": 316.59,
        "revenue": 3869.52,
        "sgaExpense": 282.8,
        "totalOperatingExpense": 282.8,
        "totalOtherIncomeExpenseNet": 65.91,
        "year": 2023
      },
      {
        "costOfGoodsSold": 1879.3,
        "depreciationAmortization": 20.072,
        "dilutedAverageSharesOutstanding": 964.604,
        "dilutedEPS": 1.13,
        "ebit": 1374.997,
        "grossIncome": 1621.621,
        "interestExpense": 2.7,
        "interestIncomeExpense": -16.688,
        "netIncome": 1090.13,
        "netIncomeAfterTaxes": 1090.13,
        "nonRecurringItems": -16.759,
        "otherOperatingExpensesTotal": 2.985,
        "period": "2022-07-31",
        "pretaxIncome": 1340.954,
        "provisionforIncomeTaxes": 250.824,
        "revenue": 3500.921,
        "sgaExpense": 223.567,
        "totalOperatingExpense": 246.624,
        "totalOtherIncomeExpenseNet": -0.596,
        "year": 2022
      },
      {
        "costOfGoodsSold": 1335.72,
        "depreciationAmortization": 21.054,
        "dilutedAverageSharesOutstanding": 961.16,
        "dilutedEPS": 0.97,
        "ebit": 1136.426,
        "grossIncome": 1356.791,
        "interestExpense": 2.865,
        "interestIncomeExpense": -20.247,
        "netIncome": 936.495,
        "netIncomeAfterTaxes": 936.495,
        "otherOperatingExpensesTotal": 3.188,
        "period": "2021-07-31",
        "pretaxIncome": 1121.846,
        "provisionforIncomeTaxes": 185.351,
        "revenue": 2692.511,
        "sgaExpense": 196.123,
        "totalOperatingExpense": 220.365,
        "totalOtherIncomeExpenseNet": 5.667,
        "year": 2021
      },
      {
        "costOfGoodsSold": 1190.081,
        "depreciationAmortization": 24.391,
        "dilutedAverageSharesOutstanding": 954.624,
        "dilutedEPS": 0.73,
        "ebit": 816.099,
        "grossIncome": 1015.502,
        "interestExpense": 20.23,
        "interestIncomeExpense": -18.871,
        "minorityInterest": 0,
        "netIncome": 699.907,
        "netIncomeAfterTaxes": 699.907,
        "nonRecurringItems": 0,
        "otherOperatingExpensesTotal": 3.541,
        "period": "2020-07-31",
        "pretaxIncome": 800.839,
        "provisionforIncomeTaxes": 100.932,
        "revenue": 2205.583,
        "sgaExpense": 171.471,
        "totalOperatingExpense": 199.403,
        "totalOtherIncomeExpenseNet": 3.611,
        "year": 2020
      },
      {
        "costOfGoodsSold": 1141.815,
        "depreciationAmortization": 21.728,
        "dilutedAverageSharesOutstanding": 961.812,
        "dilutedEPS": 0.62,
        "ebit": 716.475,
        "grossIncome": 900.142,
        "interestExpense": 19.81,
        "interestIncomeExpense": -17.585,
        "minorityInterest": 0,
        "netIncome": 591.693,
        "netIncomeAfterTaxes": 592.793,
        "nonRecurringItems": 0,
        "otherOperatingExpensesTotal": 4.875,
        "period": "2019-07-31",
        "pretaxIncome": 704.951,
        "provisionforIncomeTaxes": 112.158,
        "revenue": 2041.957,
        "sgaExpense": 157.064,
        "totalOperatingExpense": 183.667,
        "totalOtherIncomeExpenseNet": 6.061,
        "year": 2019
      },
      {
        "costOfGoodsSold": 1043.329,
        "depreciationAmortization": 21.368,
        "dilutedAverageSharesOutstanding": 967.508,
        "dilutedEPS": 0.44,
        "ebit": 585.476,
        "grossIncome": 762.366,
        "interestExpense": 20.368,
        "interestIncomeExpense": -19.075,
        "minorityInterest": -0.14,
        "netIncome": 417.867,
        "netIncomeAfterTaxes": 426.107,
        "nonRecurringItems": -1.131,
        "period": "2018-07-31",
        "pretaxIncome": 562.511,
        "provisionforIncomeTaxes": 136.404,
        "revenue": 1805.695,
        "sgaExpense": 155.522,
        "totalOperatingExpense": 176.89,
        "totalOtherIncomeExpenseNet": -2.759,
        "year": 2018
      },
      {
        "costOfGoodsSold": 815.953,
        "depreciationAmortization": 17.045,
        "dilutedAverageSharesOutstanding": 948.076,
        "dilutedEPS": 0.42,
        "ebit": 482.564,
        "grossIncome": 632.028,
        "interestExpense": 23.779,
        "interestIncomeExpense": -22.373,
        "minorityInterest": -0.034,
        "netIncome": 394.227,
        "netIncomeAfterTaxes": 394.261,
        "nonRecurringItems": -21.265,
        "period": "2017-07-31",
        "pretaxIncome": 440.1,
        "provisionforIncomeTaxes": 45.839,
        "revenue": 1447.981,
        "sgaExpense": 132.419,
        "totalOperatingExpense": 149.464,
        "totalOtherIncomeExpenseNet": 1.174,
        "year": 2017
      },
      {
        "costOfGoodsSold": 723.863,
        "depreciationAmortization": 14.917,
        "dilutedAverageSharesOutstanding": 977.176,
        "dilutedEPS": 0.28,
        "ebit": 406.47,
        "grossIncome": 544.586,
        "interestExpense": 23.606,
        "interestIncomeExpense": -22.157,
        "netIncome": 270.36,
        "netIncomeAfterTaxes": 270.36,
        "nonRecurringItems": 0,
        "period": "2016-07-31",
        "pretaxIncome": 395.865,
        "provisionforIncomeTaxes": 125.505,
        "revenue": 1268.449,
        "sgaExpense": 123.199,
        "totalOperatingExpense": 138.116,
        "totalOtherIncomeExpenseNet": 11.552,
        "year": 2016
      }
    ],
    "symbol": "CPRT"
  }
}