{
  "symbol": "PAYC",
  "statement": "ic",
  "frequency": "annual",
  "timestamp": "2025-09-19T14:05:21.282220",
  "data": {
    "financials": [
      {
        "costOfGoodsSold": 334.6,
        "depreciationAmortization": 78.7,
        "dilutedAverageSharesOutstanding": 56.3,
        "dilutedEPS": 8.9165,
        "ebit": 634.3,
        "grossIncome": 1548.6,
        "interestExpense": 3.4,
        "interestIncomeExpense": -3.4,
        "netIncome": 502,
        "netIncomeAfterTaxes": 502,
        "period": "2024-12-31",
        "pretaxIncome": 649,
        "provisionforIncomeTaxes": 147,
        "researchDevelopment": 242.6,
        "revenue": 1883.2,
        "sgaExpense": 593,
        "totalOperatingExpense": 914.3,
        "totalOtherIncomeExpenseNet": 18.1,
        "year": 2024
      },
      {
        "costOfGoodsSold": 276.29,
        "depreciationAmortization": 61.357,
        "dilutedAverageSharesOutstanding": 57.974,
        "dilutedEPS": 5.8783,
        "ebit": 451.322,
        "grossIncome": 1417.384,
        "interestExpense": 1.927,
        "interestIncomeExpense": -1.927,
        "netIncome": 340.788,
        "netIncomeAfterTaxes": 340.788,
        "nonRecurringItems": 1.222,
        "period": "2023-12-31",
        "pretaxIncome": 472.399,
        "provisionforIncomeTaxes": 131.611,
        "researchDevelopment": 198.951,
        "revenue": 1693.674,
        "sgaExpense": 705.754,
        "totalOperatingExpense": 966.062,
        "totalOtherIncomeExpenseNet": 21.782,
        "year": 2023
      },
      {
        "costOfGoodsSold": 212.7,
        "depreciationAmortization": 49.8,
        "dilutedAverageSharesOutstanding": 58.2,
        "dilutedEPS": 4.84,
        "ebit": 378.7,
        "grossIncome": 1162.5,
        "interestExpense": 2.536,
        "interestIncomeExpense": -2.5,
        "netIncome": 281.4,
        "netIncomeAfterTaxes": 281.4,
        "period": "2022-12-31",
        "pretaxIncome": 389.6,
        "provisionforIncomeTaxes": 108.2,
        "researchDevelopment": 148.3,
        "revenue": 1375.2,
        "sgaExpense": 585.7,
        "totalOperatingExpense": 783.8,
        "totalOtherIncomeExpenseNet": 13.4,
        "year": 2022
      },
      {
        "costOfGoodsSold": 161.9,
        "depreciationAmortization": 35.8,
        "dilutedAverageSharesOutstanding": 58.2,
        "dilutedEPS": 3.37,
        "ebit": 253.6,
        "grossIncome": 893.6,
        "interestIncomeExpense": 1.4,
        "netIncome": 196,
        "netIncomeAfterTaxes": 196,
        "period": "2021-12-31",
        "pretaxIncome": 256,
        "provisionforIncomeTaxes": 60,
        "researchDevelopment": 118.4,
        "revenue": 1055.5,
        "sgaExpense": 485.8,
        "totalOperatingExpense": 640.1,
        "totalOtherIncomeExpenseNet": 1,
        "year": 2021
      },
      {
        "costOfGoodsSold": 123.5,
        "depreciationAmortization": 27.6,
        "dilutedAverageSharesOutstanding": 58.3,
        "dilutedEPS": 2.46,
        "ebit": 186.1,
        "grossIncome": 717.9,
        "interestExpense": 0.019,
        "interestIncomeExpense": 1.4,
        "netIncome": 143.5,
        "netIncomeAfterTaxes": 143.5,
        "period": "2020-12-31",
        "pretaxIncome": 185.9,
        "provisionforIncomeTaxes": 42.5,
        "researchDevelopment": 90.2,
        "revenue": 841.4,
        "sgaExpense": 413.9,
        "totalOperatingExpense": 531.8,
        "totalOtherIncomeExpenseNet": -1.6,
        "year": 2020
      },
      {
        "costOfGoodsSold": 109.7,
        "depreciationAmortization": 21.8,
        "dilutedAverageSharesOutstanding": 58.4,
        "dilutedEPS": 3.09,
        "ebit": 226.2,
        "grossIncome": 627.9,
        "interestExpense": 0.94,
        "interestIncomeExpense": 0.5,
        "netIncome": 180.5,
        "netIncomeAfterTaxes": 180.6,
        "period": "2019-12-31",
        "pretaxIncome": 226.1,
        "provisionforIncomeTaxes": 45.5,
        "researchDevelopment": 73.1,
        "revenue": 737.7,
        "sgaExpense": 306.8,
        "totalOperatingExpense": 401.7,
        "totalOtherIncomeExpenseNet": -0.6,
        "year": 2019
      },
      {
        "costOfGoodsSold": 90.8,
        "depreciationAmortization": 15.1,
        "dilutedAverageSharesOutstanding": 58.6,
        "dilutedEPS": 2.34,
        "ebit": 173.7,
        "grossIncome": 475.6,
        "interestExpense": 0.766,
        "interestIncomeExpense": 0,
        "netIncome": 136.9,
        "netIncomeAfterTaxes": 137.1,
        "period": "2018-12-31",
        "pretaxIncome": 174.7,
        "provisionforIncomeTaxes": 37.6,
        "researchDevelopment": 46.2,
        "revenue": 566.3,
        "sgaExpense": 240.5,
        "totalOperatingExpense": 301.8,
        "totalOtherIncomeExpenseNet": 1,
        "year": 2018
      },
      {
        "costOfGoodsSold": 72,
        "depreciationAmortization": 9.8,
        "dilutedAverageSharesOutstanding": 58.8,
        "dilutedEPS": 2.09,
        "ebit": 129.7,
        "grossIncome": 361,
        "interestExpense": 0.911,
        "interestIncomeExpense": -0.1,
        "netIncome": 123.2,
        "netIncomeAfterTaxes": 123.1,
        "period": "2017-12-31",
        "pretaxIncome": 127.7,
        "provisionforIncomeTaxes": 4.6,
        "researchDevelopment": 30.4,
        "revenue": 433,
        "sgaExpense": 191.1,
        "totalOperatingExpense": 231.3,
        "totalOtherIncomeExpenseNet": -1.9,
        "year": 2017
      },
      {
        "costOfGoodsSold": 54.1,
        "depreciationAmortization": 7.8,
        "dilutedAverageSharesOutstanding": 59,
        "dilutedEPS": 1.19,
        "ebit": 101.7,
        "grossIncome": 275.1,
        "interestExpense": 1.036,
        "interestIncomeExpense": -0.6,
        "netIncome": 69.9,
        "netIncomeAfterTaxes": 70.4,
        "period": "2016-12-31",
        "pretaxIncome": 101,
        "provisionforIncomeTaxes": 30.6,
        "researchDevelopment": 21,
        "revenue": 329.1,
        "sgaExpense": 144.5,
        "totalOperatingExpense": 173.3,
        "totalOtherIncomeExpenseNet": -0.1,
        "year": 2016
      },
      {
        "costOfGoodsSold": 35.5,
        "depreciationAmortization": 5.7,
        "dilutedAverageSharesOutstanding": 57.9,
        "dilutedEPS": 0.36,
        "ebit": 34.4,
        "grossIncome": 189.2,
        "interestExpense": 1.427,
        "interestIncomeExpense": -1.4,
        "minorityInterest": 0,
        "netIncome": 20.7,
        "netIncomeAfterTaxes": 20.9,
        "nonRecurringItems": 0,
        "period": "2015-12-31",
        "pretaxIncome": 33.5,
        "provisionforIncomeTaxes": 12.6,
        "researchDevelopment": 8.6,
        "revenue": 224.7,
        "sgaExpense": 140.4,
        "totalOperatingExpense": 154.7,
        "totalOtherIncomeExpenseNet": 0.5,
        "year": 2015
      }
    ],
    "symbol": "PAYC"
  }
}