{
  "symbol": "FRT",
  "statement": "ic",
  "frequency": "annual",
  "timestamp": "2025-09-19T14:00:24.884157",
  "data": {
    "financials": [
      {
        "costOfGoodsSold": 391.799,
        "depreciationAmortization": 342.598,
        "dilutedAverageSharesOutstanding": 83.566,
        "dilutedEPS": 3.4212,
        "ebit": 418.316,
        "grossIncome": 810.653,
        "interestExpense": 175.476,
        "interestIncomeExpense": -168.022,
        "minorityInterest": -9.126,
        "netIncome": 285.893,
        "netIncomeAfterTaxes": 304.334,
        "nonRecurringItems": 54.04,
        "period": "2024-12-31",
        "pretaxIncome": 304.334,
        "revenue": 1202.452,
        "sgaExpense": 49.739,
        "totalOperatingExpense": 392.337,
        "year": 2024
      },
      {
        "costOfGoodsSold": 363.095,
        "depreciationAmortization": 321.763,
        "dilutedAverageSharesOutstanding": 81.313,
        "dilutedEPS": 2.7999,
        "ebit": 396.589,
        "grossIncome": 769.059,
        "interestExpense": 167.809,
        "interestIncomeExpense": -159.253,
        "minorityInterest": -10.232,
        "netIncome": 227.667,
        "netIncomeAfterTaxes": 247.217,
        "nonRecurringItems": 9.881,
        "period": "2023-12-31",
        "pretaxIncome": 247.217,
        "revenue": 1132.154,
        "sgaExpense": 50.707,
        "totalOperatingExpense": 372.47,
        "year": 2023
      },
      {
        "costOfGoodsSold": 356.8,
        "depreciationAmortization": 302.4,
        "dilutedAverageSharesOutstanding": 80.5,
        "dilutedEPS": 4.67,
        "ebit": 362.5,
        "grossIncome": 717.6,
        "interestExpense": 136.989,
        "interestIncomeExpense": -130.7,
        "minorityInterest": -10.2,
        "netIncome": 376.1,
        "netIncomeAfterTaxes": 395.7,
        "nonRecurringItems": 163.9,
        "period": "2022-12-31",
        "pretaxIncome": 395.7,
        "revenue": 1074.4,
        "sgaExpense": 52.6,
        "totalOperatingExpense": 355.1,
        "year": 2022
      },
      {
        "costOfGoodsSold": 316.6,
        "depreciationAmortization": 280,
        "dilutedAverageSharesOutstanding": 77.4,
        "dilutedEPS": 3.26,
        "ebit": 304.7,
        "grossIncome": 634.6,
        "interestExpense": 127.698,
        "interestIncomeExpense": -125.6,
        "minorityInterest": -7.6,
        "netIncome": 252.2,
        "netIncomeAfterTaxes": 269.1,
        "nonRecurringItems": 90,
        "period": "2021-12-31",
        "pretaxIncome": 269.1,
        "revenue": 951.2,
        "sgaExpense": 49.9,
        "totalOperatingExpense": 329.9,
        "year": 2021
      },
      {
        "costOfGoodsSold": 290.2,
        "depreciationAmortization": 255,
        "dilutedAverageSharesOutstanding": 75.5,
        "dilutedEPS": 1.62,
        "ebit": 248.6,
        "grossIncome": 545.3,
        "interestExpense": 136.289,
        "interestIncomeExpense": -142.5,
        "minorityInterest": -4.2,
        "netIncome": 122.7,
        "netIncomeAfterTaxes": 135.9,
        "nonRecurringItems": 29.7,
        "period": "2020-12-31",
        "pretaxIncome": 135.9,
        "revenue": 835.5,
        "sgaExpense": 41.7,
        "totalOperatingExpense": 296.6,
        "year": 2020
      },
      {
        "costOfGoodsSold": 298.8,
        "depreciationAmortization": 239.8,
        "dilutedAverageSharesOutstanding": 74.8,
        "dilutedEPS": 4.61,
        "ebit": 354.5,
        "grossIncome": 637,
        "interestExpense": 109.623,
        "interestIncomeExpense": -110.4,
        "minorityInterest": -6.7,
        "netIncome": 344.8,
        "netIncomeAfterTaxes": 360.5,
        "nonRecurringItems": 116.4,
        "period": "2019-12-31",
        "pretaxIncome": 360.5,
        "revenue": 935.8,
        "sgaExpense": 42.8,
        "totalOperatingExpense": 282.5,
        "year": 2019
      },
      {
        "costOfGoodsSold": 287.9,
        "depreciationAmortization": 244.2,
        "dilutedAverageSharesOutstanding": 73.3,
        "dilutedEPS": 3.17,
        "ebit": 349.7,
        "grossIncome": 627.6,
        "interestExpense": 110.154,
        "interestIncomeExpense": -112.6,
        "minorityInterest": -7.1,
        "netIncome": 232.9,
        "netIncomeAfterTaxes": 237.1,
        "nonRecurringItems": 0,
        "period": "2018-12-31",
        "pretaxIncome": 237.1,
        "revenue": 915.4,
        "sgaExpense": 33.6,
        "totalOperatingExpense": 277.8,
        "year": 2018
      },
      {
        "costOfGoodsSold": 272.7,
        "depreciationAmortization": 216.1,
        "dilutedAverageSharesOutstanding": 72.2,
        "dilutedEPS": 3.96,
        "ebit": 332.3,
        "grossIncome": 584.6,
        "interestExpense": 100.125,
        "interestIncomeExpense": -100.1,
        "minorityInterest": -7.7,
        "netIncome": 286.5,
        "netIncomeAfterTaxes": 219.9,
        "nonRecurringItems": -12.3,
        "period": "2017-12-31",
        "pretaxIncome": 219.9,
        "revenue": 857.3,
        "sgaExpense": 36.3,
        "totalOperatingExpense": 252.3,
        "year": 2017
      },
      {
        "costOfGoodsSold": 253.6,
        "depreciationAmortization": 193.6,
        "dilutedAverageSharesOutstanding": 71,
        "dilutedEPS": 3.5,
        "ebit": 321,
        "grossIncome": 548,
        "interestExpense": 94.994,
        "interestIncomeExpense": -94.6,
        "minorityInterest": -7.6,
        "netIncome": 248.7,
        "netIncomeAfterTaxes": 226.4,
        "nonRecurringItems": 0,
        "period": "2016-12-31",
        "pretaxIncome": 226.4,
        "revenue": 801.6,
        "sgaExpense": 33.4,
        "totalOperatingExpense": 227,
        "year": 2016
      },
      {
        "costOfGoodsSold": 233.4,
        "depreciationAmortization": 174.8,
        "dilutedAverageSharesOutstanding": 69,
        "dilutedEPS": 3.02,
        "ebit": 300.2,
        "grossIncome": 510.6,
        "interestExpense": 92.553,
        "interestIncomeExpense": -91,
        "minorityInterest": -8.2,
        "netIncome": 208.9,
        "netIncomeAfterTaxes": 190.1,
        "nonRecurringItems": -19.1,
        "period": "2015-12-31",
        "pretaxIncome": 190.1,
        "revenue": 744,
        "sgaExpense": 35.6,
        "totalOperatingExpense": 210.4,
        "year": 2015
      }
    ],
    "symbol": "FRT"
  }
}