{
  "symbol": "IRM",
  "statement": "ic",
  "frequency": "annual",
  "timestamp": "2025-09-19T14:02:22.564318",
  "data": {
    "financials": [
      {
        "costOfGoodsSold": 2013.589,
        "depreciationAmortization": 900.905,
        "dilutedAverageSharesOutstanding": 296.234,
        "dilutedEPS": 0.6082,
        "ebit": 1212.916,
        "grossIncome": 4136.32,
        "interestExpense": 736.231,
        "interestIncomeExpense": -682.495,
        "minorityInterest": -3.51,
        "netIncome": 180.156,
        "netIncomeAfterTaxes": 183.666,
        "nonRecurringItems": -209.075,
        "period": "2024-12-31",
        "pretaxIncome": 244.538,
        "provisionforIncomeTaxes": 60.872,
        "revenue": 6149.909,
        "sgaExpense": 2022.499,
        "totalOperatingExpense": 2923.404,
        "totalOtherIncomeExpenseNet": -76.808,
        "year": 2024
      },
      {
        "costOfGoodsSold": 1696.911,
        "depreciationAmortization": 776.159,
        "dilutedAverageSharesOutstanding": 293.965,
        "dilutedEPS": 0.6267,
        "ebit": 1110.043,
        "grossIncome": 3783.378,
        "interestExpense": 598.403,
        "interestIncomeExpense": -660.731,
        "minorityInterest": -3.029,
        "netIncome": 184.234,
        "netIncomeAfterTaxes": 187.263,
        "nonRecurringItems": -188.265,
        "period": "2023-12-31",
        "pretaxIncome": 227.206,
        "provisionforIncomeTaxes": 39.943,
        "revenue": 5480.289,
        "sgaExpense": 1897.176,
        "totalOperatingExpense": 2673.335,
        "totalOtherIncomeExpenseNet": -33.841,
        "year": 2023
      },
      {
        "costOfGoodsSold": 1615,
        "depreciationAmortization": 727.6,
        "dilutedAverageSharesOutstanding": 292.4,
        "dilutedEPS": 1.9,
        "ebit": 1046.3,
        "grossIncome": 3488.6,
        "interestExpense": 496.29,
        "interestIncomeExpense": -426.3,
        "minorityInterest": -5.2,
        "netIncome": 557,
        "netIncomeAfterTaxes": 562.1,
        "nonRecurringItems": 2.9,
        "period": "2022-12-31",
        "pretaxIncome": 631.6,
        "provisionforIncomeTaxes": 69.5,
        "revenue": 5103.6,
        "sgaExpense": 1714.7,
        "totalOperatingExpense": 2442.3,
        "totalOtherIncomeExpenseNet": 8.8,
        "year": 2022
      },
      {
        "costOfGoodsSold": 1342.1,
        "depreciationAmortization": 680.4,
        "dilutedAverageSharesOutstanding": 291,
        "dilutedEPS": 1.55,
        "ebit": 901.3,
        "grossIncome": 3149.4,
        "interestExpense": 425.302,
        "interestIncomeExpense": -402.2,
        "minorityInterest": -2.5,
        "netIncome": 450.2,
        "netIncomeAfterTaxes": 452.7,
        "nonRecurringItems": -47.1,
        "period": "2021-12-31",
        "pretaxIncome": 629,
        "provisionforIncomeTaxes": 176.3,
        "revenue": 4491.5,
        "sgaExpense": 1567.7,
        "totalOperatingExpense": 2248.2,
        "totalOtherIncomeExpenseNet": 177.1,
        "year": 2021
      },
      {
        "costOfGoodsSold": 1103.5,
        "depreciationAmortization": 652.1,
        "dilutedAverageSharesOutstanding": 288.6,
        "dilutedEPS": 1.19,
        "ebit": 944.7,
        "grossIncome": 3043.8,
        "interestExpense": 426.847,
        "interestIncomeExpense": -448.4,
        "minorityInterest": -0.4,
        "netIncome": 342.7,
        "netIncomeAfterTaxes": 343.1,
        "nonRecurringItems": -78.2,
        "period": "2020-12-31",
        "pretaxIncome": 372.7,
        "provisionforIncomeTaxes": 29.6,
        "revenue": 4147.3,
        "sgaExpense": 1447,
        "totalOperatingExpense": 2099.1,
        "totalOtherIncomeExpenseNet": -45.4,
        "year": 2020
      },
      {
        "costOfGoodsSold": 1833.3,
        "depreciationAmortization": 658.2,
        "dilutedAverageSharesOutstanding": 287.7,
        "dilutedEPS": 0.93,
        "ebit": 779.4,
        "grossIncome": 2429.3,
        "interestExpense": 425.857,
        "interestIncomeExpense": -444.2,
        "minorityInterest": -0.9,
        "netIncome": 267.4,
        "netIncomeAfterTaxes": 268.2,
        "nonRecurringItems": 1.9,
        "period": "2019-12-31",
        "pretaxIncome": 328.1,
        "provisionforIncomeTaxes": 59.9,
        "revenue": 4262.6,
        "sgaExpense": 991.7,
        "totalOperatingExpense": 1649.8,
        "totalOtherIncomeExpenseNet": -9,
        "year": 2019
      },
      {
        "costOfGoodsSold": 1794,
        "depreciationAmortization": 639.5,
        "dilutedAverageSharesOutstanding": 286.7,
        "dilutedEPS": 1.23,
        "ebit": 785.3,
        "grossIncome": 2431.8,
        "interestExpense": 416.201,
        "interestIncomeExpense": -394.1,
        "minorityInterest": -1.2,
        "netIncome": 353.9,
        "netIncomeAfterTaxes": 367.6,
        "nonRecurringItems": 23,
        "period": "2018-12-31",
        "pretaxIncome": 410.3,
        "provisionforIncomeTaxes": 42.8,
        "revenue": 4225.8,
        "sgaExpense": 1007,
        "totalOperatingExpense": 1646.5,
        "totalOtherIncomeExpenseNet": -3.9,
        "year": 2018
      },
      {
        "costOfGoodsSold": 1664.8,
        "depreciationAmortization": 522.4,
        "dilutedAverageSharesOutstanding": 266.8,
        "dilutedEPS": 0.64,
        "ebit": 721.2,
        "grossIncome": 2180.8,
        "interestExpense": 361.304,
        "interestIncomeExpense": -394.1,
        "minorityInterest": -1.6,
        "netIncome": 170.1,
        "netIncomeAfterTaxes": 173.3,
        "nonRecurringItems": -87.1,
        "period": "2017-12-31",
        "pretaxIncome": 201,
        "provisionforIncomeTaxes": 27.6,
        "revenue": 3845.6,
        "sgaExpense": 937.2,
        "totalOperatingExpense": 1459.6,
        "totalOtherIncomeExpenseNet": -39,
        "year": 2017
      },
      {
        "costOfGoodsSold": 1567.8,
        "depreciationAmortization": 452.3,
        "dilutedAverageSharesOutstanding": 247.3,
        "dilutedEPS": 0.41,
        "ebit": 503,
        "grossIncome": 1943.7,
        "interestExpense": 313.105,
        "interestIncomeExpense": -331.1,
        "minorityInterest": -2.4,
        "netIncome": 104.8,
        "netIncomeAfterTaxes": 101.7,
        "nonRecurringItems": -12.2,
        "period": "2016-12-31",
        "pretaxIncome": 146.6,
        "provisionforIncomeTaxes": 44.9,
        "revenue": 3511.5,
        "sgaExpense": 988.3,
        "totalOperatingExpense": 1440.7,
        "totalOtherIncomeExpenseNet": -13.1,
        "year": 2016
      },
      {
        "costOfGoodsSold": 1286.6,
        "depreciationAmortization": 345.5,
        "dilutedAverageSharesOutstanding": 212.1,
        "dilutedEPS": 0.58,
        "ebit": 550.9,
        "grossIncome": 1721.4,
        "interestExpense": 267.855,
        "interestIncomeExpense": -355,
        "minorityInterest": -2,
        "netIncome": 123.2,
        "netIncomeAfterTaxes": 124.4,
        "nonRecurringItems": -53.7,
        "period": "2015-12-31",
        "pretaxIncome": 162.1,
        "provisionforIncomeTaxes": 37.7,
        "revenue": 3008,
        "sgaExpense": 825,
        "totalOperatingExpense": 1170.5,
        "totalOtherIncomeExpenseNet": 19.9,
        "year": 2015
      }
    ],
    "symbol": "IRM"
  }
}