{
  "symbol": "MAS",
  "statement": "ic",
  "frequency": "quarterly",
  "timestamp": "2025-09-19T14:03:39.053633",
  "data": {
    "financials": [
      {
        "costOfGoodsSold": 1278,
        "dilutedAverageSharesOutstanding": 211,
        "dilutedEPS": 1.2796,
        "ebit": 412,
        "grossIncome": 773,
        "interestExpense": 26,
        "interestIncomeExpense": -26,
        "minorityInterest": -13,
        "netIncome": 270,
        "netIncomeAfterTaxes": 283,
        "otherOperatingExpensesTotal": 0,
        "period": "2025-06-30",
        "pretaxIncome": 378,
        "provisionforIncomeTaxes": 95,
        "revenue": 2051,
        "sgaExpense": 361,
        "totalOperatingExpense": 361,
        "totalOtherIncomeExpenseNet": -8
      },
      {
        "costOfGoodsSold": 1157,
        "dilutedAverageSharesOutstanding": 213,
        "dilutedEPS": 0.8732,
        "ebit": 286,
        "grossIncome": 644,
        "interestExpense": 26,
        "interestIncomeExpense": -26,
        "minorityInterest": -12,
        "netIncome": 186,
        "netIncomeAfterTaxes": 198,
        "period": "2025-03-31",
        "pretaxIncome": 254,
        "provisionforIncomeTaxes": 56,
        "revenue": 1801,
        "sgaExpense": 358,
        "totalOperatingExpense": 358,
        "totalOtherIncomeExpenseNet": -6
      },
      {
        "costOfGoodsSold": 1192,
        "dilutedAverageSharesOutstanding": 216,
        "dilutedEPS": 0.8426,
        "ebit": 290,
        "grossIncome": 636,
        "interestExpense": 24,
        "interestIncomeExpense": -24,
        "minorityInterest": -11,
        "netIncome": 182,
        "netIncomeAfterTaxes": 193,
        "nonRecurringItems": -7,
        "otherOperatingExpensesTotal": 1,
        "period": "2024-12-31",
        "pretaxIncome": 258,
        "provisionforIncomeTaxes": 65,
        "revenue": 1828,
        "sgaExpense": 345,
        "totalOperatingExpense": 346,
        "totalOtherIncomeExpenseNet": -1
      },
      {
        "costOfGoodsSold": 1258,
        "dilutedAverageSharesOutstanding": 218,
        "dilutedEPS": 0.7661,
        "ebit": 357,
        "grossIncome": 725,
        "interestExpense": 25,
        "interestIncomeExpense": -25,
        "minorityInterest": -13,
        "netIncome": 167,
        "netIncomeAfterTaxes": 180,
        "nonRecurringItems": -81,
        "period": "2024-09-30",
        "pretaxIncome": 248,
        "provisionforIncomeTaxes": 68,
        "revenue": 1983,
        "sgaExpense": 368,
        "totalOperatingExpense": 368,
        "totalOtherIncomeExpenseNet": -3
      },
      {
        "costOfGoodsSold": 1306,
        "dilutedAverageSharesOutstanding": 220,
        "dilutedEPS": 1.1727,
        "ebit": 397,
        "grossIncome": 785,
        "interestExpense": 26,
        "interestIncomeExpense": -26,
        "minorityInterest": -14,
        "netIncome": 258,
        "netIncomeAfterTaxes": 272,
        "period": "2024-06-30",
        "pretaxIncome": 366,
        "provisionforIncomeTaxes": 94,
        "revenue": 2091,
        "sgaExpense": 388,
        "totalOperatingExpense": 388,
        "totalOtherIncomeExpenseNet": -5
      },
      {
        "costOfGoodsSold": 1241,
        "dilutedAverageSharesOutstanding": 221,
        "dilutedEPS": 0.9729,
        "ebit": 318,
        "grossIncome": 685,
        "interestExpense": 25,
        "interestIncomeExpense": -25,
        "minorityInterest": -14,
        "netIncome": 215,
        "netIncomeAfterTaxes": 229,
        "period": "2024-03-31",
        "pretaxIncome": 289,
        "provisionforIncomeTaxes": 60,
        "revenue": 1926,
        "sgaExpense": 367,
        "totalOperatingExpense": 367,
        "totalOtherIncomeExpenseNet": -4
      },
      {
        "costOfGoodsSold": 1228,
        "dilutedAverageSharesOutstanding": 226,
        "dilutedEPS": 0.8451,
        "ebit": 262,
        "grossIncome": 654,
        "interestExpense": 24,
        "interestIncomeExpense": -14,
        "minorityInterest": -10,
        "netIncome": 191,
        "netIncomeAfterTaxes": 201,
        "nonRecurringItems": -15,
        "period": "2023-12-31",
        "pretaxIncome": 233,
        "provisionforIncomeTaxes": 32,
        "revenue": 1882,
        "sgaExpense": 392,
        "totalOperatingExpense": 392,
        "totalOtherIncomeExpenseNet": 0
      },
      {
        "costOfGoodsSold": 1235,
        "dilutedAverageSharesOutstanding": 226,
        "dilutedEPS": 1.1,
        "ebit": 383,
        "grossIncome": 744,
        "interestExpense": 26,
        "interestIncomeExpense": -31,
        "minorityInterest": -11,
        "netIncome": 249,
        "netIncomeAfterTaxes": 260,
        "nonRecurringItems": 0,
        "period": "2023-09-30",
        "pretaxIncome": 346,
        "provisionforIncomeTaxes": 86,
        "revenue": 1979,
        "sgaExpense": 361,
        "totalOperatingExpense": 361,
        "totalOtherIncomeExpenseNet": -6
      },
      {
        "costOfGoodsSold": 1358,
        "dilutedAverageSharesOutstanding": 226,
        "dilutedEPS": 1.16,
        "ebit": 403,
        "grossIncome": 769,
        "interestExpense": 28,
        "interestIncomeExpense": -28,
        "minorityInterest": -15,
        "netIncome": 263,
        "netIncomeAfterTaxes": 278,
        "nonRecurringItems": 0,
        "period": "2023-06-30",
        "pretaxIncome": 374,
        "provisionforIncomeTaxes": 96,
        "revenue": 2127,
        "sgaExpense": 366,
        "totalOperatingExpense": 366,
        "totalOtherIncomeExpenseNet": -1
      },
      {
        "costOfGoodsSold": 1310,
        "dilutedAverageSharesOutstanding": 227,
        "dilutedEPS": 0.9,
        "ebit": 315,
        "grossIncome": 669,
        "interestExpense": 28,
        "interestIncomeExpense": -25,
        "minorityInterest": -16,
        "netIncome": 205,
        "netIncomeAfterTaxes": 221,
        "nonRecurringItems": 0,
        "period": "2023-03-31",
        "pretaxIncome": 285,
        "provisionforIncomeTaxes": 64,
        "revenue": 1979,
        "sgaExpense": 354,
        "totalOperatingExpense": 354,
        "totalOtherIncomeExpenseNet": -5
      },
      {
        "costOfGoodsSold": 1378,
        "dilutedAverageSharesOutstanding": 229,
        "dilutedEPS": 0.5,
        "ebit": 211,
        "grossIncome": 545,
        "interestExpense": 26,
        "interestIncomeExpense": -23,
        "minorityInterest": -11,
        "netIncome": 114,
        "netIncomeAfterTaxes": 126,
        "nonRecurringItems": -26,
        "period": "2022-12-31",
        "pretaxIncome": 159,
        "provisionforIncomeTaxes": 33,
        "revenue": 1923,
        "sgaExpense": 334,
        "totalOperatingExpense": 334,
        "totalOtherIncomeExpenseNet": -3
      },
      {
        "costOfGoodsSold": 1509,
        "dilutedAverageSharesOutstanding": 227,
        "dilutedEPS": 0.97,
        "ebit": 351,
        "grossIncome": 695,
        "interestExpense": 29,
        "interestIncomeExpense": -38,
        "minorityInterest": -15,
        "netIncome": 220,
        "netIncomeAfterTaxes": 233,
        "nonRecurringItems": 0,
        "period": "2022-09-30",
        "pretaxIncome": 310,
        "provisionforIncomeTaxes": 77,
        "revenue": 2204,
        "sgaExpense": 344,
        "totalOperatingExpense": 344,
        "totalOtherIncomeExpenseNet": -3
      },
      {
        "costOfGoodsSold": 1583,
        "dilutedAverageSharesOutstanding": 233,
        "dilutedEPS": 1.18,
        "ebit": 408,
        "grossIncome": 769,
        "interestExpense": 28,
        "interestIncomeExpense": -33,
        "minorityInterest": -16,
        "netIncome": 276,
        "netIncomeAfterTaxes": 294,
        "nonRecurringItems": 25,
        "period": "2022-06-30",
        "pretaxIncome": 397,
        "provisionforIncomeTaxes": 103,
        "revenue": 2352,
        "sgaExpense": 361,
        "totalOperatingExpense": 361,
        "totalOtherIncomeExpenseNet": -3
      },
      {
        "costOfGoodsSold": 1497,
        "dilutedAverageSharesOutstanding": 241,
        "dilutedEPS": 0.97,
        "ebit": 353,
        "grossIncome": 704,
        "interestExpense": 25,
        "interestIncomeExpense": -21,
        "minorityInterest": -19,
        "netIncome": 234,
        "netIncomeAfterTaxes": 252,
        "nonRecurringItems": -2,
        "period": "2022-03-31",
        "pretaxIncome": 327,
        "provisionforIncomeTaxes": 75,
        "revenue": 2201,
        "sgaExpense": 351,
        "totalOperatingExpense": 351,
        "totalOtherIncomeExpenseNet": -3
      },
      {
        "costOfGoodsSold": 1403,
        "dilutedAverageSharesOutstanding": 245,
        "dilutedEPS": 0.52,
        "ebit": 263,
        "grossIncome": 619,
        "interestExpense": 25,
        "interestIncomeExpense": -8,
        "minorityInterest": -8,
        "netIncome": 128,
        "netIncomeAfterTaxes": 140,
        "nonRecurringItems": -61,
        "period": "2021-12-31",
        "pretaxIncome": 192,
        "provisionforIncomeTaxes": 52,
        "revenue": 2022,
        "sgaExpense": 356,
        "totalOperatingExpense": 356,
        "totalOtherIncomeExpenseNet": -2
      },
      {
        "costOfGoodsSold": 1451,
        "dilutedAverageSharesOutstanding": 247,
        "dilutedEPS": 0.89,
        "ebit": 385,
        "grossIncome": 753,
        "interestExpense": 26,
        "interestIncomeExpense": -25,
        "minorityInterest": -19,
        "netIncome": 220,
        "netIncomeAfterTaxes": 239,
        "nonRecurringItems": 0,
        "period": "2021-09-30",
        "pretaxIncome": 342,
        "provisionforIncomeTaxes": 103,
        "revenue": 2204,
        "sgaExpense": 368,
        "totalOperatingExpense": 368,
        "totalOtherIncomeExpenseNet": -18
      },
      {
        "costOfGoodsSold": 1388,
        "dilutedAverageSharesOutstanding": 252,
        "dilutedEPS": -0.14,
        "ebit": 437,
        "grossIncome": 791,
        "interestExpense": 25,
        "interestIncomeExpense": -20,
        "minorityInterest": -21,
        "netIncome": -36,
        "netIncomeAfterTaxes": -15,
        "nonRecurringItems": -18,
        "period": "2021-06-30",
        "pretaxIncome": -3,
        "provisionforIncomeTaxes": 12,
        "revenue": 2179,
        "sgaExpense": 354,
        "totalOperatingExpense": 354,
        "totalOtherIncomeExpenseNet": -402
      },
      {
        "costOfGoodsSold": 1270,
        "dilutedAverageSharesOutstanding": 257,
        "dilutedEPS": 0.37,
        "ebit": 365,
        "grossIncome": 700,
        "interestExpense": 34,
        "interestIncomeExpense": -29,
        "minorityInterest": -20,
        "netIncome": 94,
        "netIncomeAfterTaxes": 114,
        "nonRecurringItems": -168,
        "period": "2021-03-31",
        "pretaxIncome": 157,
        "provisionforIncomeTaxes": 43,
        "revenue": 1970,
        "sgaExpense": 335,
        "totalOperatingExpense": 335,
        "totalOtherIncomeExpenseNet": -11
      },
      {
        "costOfGoodsSold": 1200,
        "dilutedAverageSharesOutstanding": 261,
        "dilutedEPS": 0.73,
        "ebit": 307,
        "grossIncome": 660,
        "interestExpense": 34,
        "interestIncomeExpense": -32,
        "minorityInterest": -16,
        "netIncome": 194,
        "netIncomeAfterTaxes": 208,
        "nonRecurringItems": 0,
        "period": "2020-12-31",
        "pretaxIncome": 275,
        "provisionforIncomeTaxes": 67,
        "revenue": 1860,
        "sgaExpense": 353,
        "totalOperatingExpense": 353,
        "totalOtherIncomeExpenseNet": 0
      },
      {
        "costOfGoodsSold": 1231,
        "dilutedAverageSharesOutstanding": 261,
        "dilutedEPS": 1.05,
        "ebit": 424,
        "grossIncome": 752,
        "interestExpense": 40,
        "interestIncomeExpense": -35,
        "minorityInterest": -18,
        "netIncome": 274,
        "netIncomeAfterTaxes": 293,
        "nonRecurringItems": 0,
        "period": "2020-09-30",
        "pretaxIncome": 380,
        "provisionforIncomeTaxes": 87,
        "revenue": 1983,
        "sgaExpense": 328,
        "totalOperatingExpense": 328,
        "totalOtherIncomeExpenseNet": -9
      },
      {
        "costOfGoodsSold": 1136,
        "dilutedAverageSharesOutstanding": 263,
        "dilutedEPS": 0.84,
        "ebit": 339,
        "grossIncome": 628,
        "interestExpense": 35,
        "interestIncomeExpense": -28,
        "minorityInterest": -10,
        "netIncome": 222,
        "netIncomeAfterTaxes": 220,
        "nonRecurringItems": 0,
        "period": "2020-06-30",
        "pretaxIncome": 302,
        "provisionforIncomeTaxes": 82,
        "revenue": 1764,
        "sgaExpense": 289,
        "totalOperatingExpense": 289,
        "totalOtherIncomeExpenseNet": -9
      },
      {
        "costOfGoodsSold": 1034,
        "dilutedAverageSharesOutstanding": 274,
        "dilutedEPS": 1.91,
        "ebit": 225,
        "grossIncome": 547,
        "interestExpense": 35,
        "interestIncomeExpense": -35,
        "minorityInterest": -8,
        "netIncome": 526,
        "netIncomeAfterTaxes": 141,
        "nonRecurringItems": 0,
        "period": "2020-03-31",
        "pretaxIncome": 174,
        "provisionforIncomeTaxes": 33,
        "revenue": 1581,
        "sgaExpense": 322,
        "totalOperatingExpense": 322,
        "totalOtherIncomeExpenseNet": -16
      },
      {
        "costOfGoodsSold": 523,
        "dilutedAverageSharesOutstanding": 282,
        "dilutedEPS": 1.59,
        "ebit": 170,
        "grossIncome": 397,
        "interestExpense": 40,
        "interestIncomeExpense": -35,
        "minorityInterest": -10,
        "netIncome": 451,
        "netIncomeAfterTaxes": 103,
        "nonRecurringItems": 0,
        "period": "2019-12-31",
        "pretaxIncome": 131,
        "provisionforIncomeTaxes": 28,
        "revenue": 920,
        "sgaExpense": 227,
        "totalOperatingExpense": 227,
        "totalOtherIncomeExpenseNet": -4
      },
      {
        "costOfGoodsSold": 1105,
        "dilutedAverageSharesOutstanding": 287,
        "dilutedEPS": 0.43,
        "ebit": 289,
        "grossIncome": 611,
        "interestExpense": 39,
        "interestIncomeExpense": -42,
        "minorityInterest": -12,
        "netIncome": 125,
        "netIncomeAfterTaxes": 175,
        "nonRecurringItems": 0,
        "period": "2019-09-30",
        "pretaxIncome": 241,
        "provisionforIncomeTaxes": 66,
        "revenue": 1716,
        "sgaExpense": 322,
        "totalOperatingExpense": 322,
        "totalOtherIncomeExpenseNet": -6
      },
      {
        "costOfGoodsSold": 1166,
        "dilutedAverageSharesOutstanding": 290,
        "dilutedEPS": 0.82,
        "ebit": 347,
        "grossIncome": 673,
        "interestExpense": 41,
        "interestIncomeExpense": -39,
        "minorityInterest": -12,
        "netIncome": 238,
        "netIncomeAfterTaxes": 223,
        "nonRecurringItems": 0,
        "period": "2019-06-30",
        "pretaxIncome": 303,
        "provisionforIncomeTaxes": 80,
        "revenue": 1839,
        "sgaExpense": 326,
        "totalOperatingExpense": 326,
        "totalOtherIncomeExpenseNet": -5
      },
      {
        "costOfGoodsSold": 991,
        "dilutedAverageSharesOutstanding": 294,
        "dilutedEPS": 0.39,
        "ebit": 206,
        "grossIncome": 522,
        "interestExpense": 39,
        "interestIncomeExpense": -39,
        "minorityInterest": -11,
        "netIncome": 115,
        "netIncomeAfterTaxes": 118,
        "nonRecurringItems": -9,
        "period": "2019-03-31",
        "pretaxIncome": 153,
        "provisionforIncomeTaxes": 35,
        "revenue": 1513,
        "sgaExpense": 316,
        "totalOperatingExpense": 316,
        "totalOtherIncomeExpenseNet": -5
      },
      {
        "costOfGoodsSold": 495,
        "dilutedAverageSharesOutstanding": 301,
        "dilutedEPS": 0.63,
        "ebit": 207,
        "grossIncome": 416,
        "interestExpense": 39,
        "interestIncomeExpense": -38,
        "minorityInterest": -14,
        "netIncome": 192,
        "netIncomeAfterTaxes": 133,
        "nonRecurringItems": 0,
        "period": "2018-12-31",
        "pretaxIncome": 166,
        "provisionforIncomeTaxes": 33,
        "revenue": 911,
        "sgaExpense": 209,
        "totalOperatingExpense": 209,
        "totalOtherIncomeExpenseNet": -3
      },
      {
        "costOfGoodsSold": 1281,
        "dilutedAverageSharesOutstanding": 306,
        "dilutedEPS": 0.58,
        "ebit": 286,
        "grossIncome": 623,
        "interestExpense": 38,
        "interestIncomeExpense": -36,
        "minorityInterest": -11,
        "netIncome": 179,
        "netIncomeAfterTaxes": 181,
        "nonRecurringItems": 0,
        "period": "2018-09-30",
        "pretaxIncome": 248,
        "provisionforIncomeTaxes": 67,
        "revenue": 1904,
        "sgaExpense": 337,
        "totalOperatingExpense": 337,
        "totalOtherIncomeExpenseNet": -2
      },
      {
        "costOfGoodsSold": 1250,
        "dilutedAverageSharesOutstanding": 305.4,
        "dilutedEPS": 0.68,
        "ebit": 340,
        "grossIncome": 669,
        "interestExpense": 38,
        "interestIncomeExpense": -41,
        "minorityInterest": -13,
        "netIncome": 208,
        "netIncomeAfterTaxes": 211,
        "period": "2018-06-30",
        "pretaxIncome": 293,
        "provisionforIncomeTaxes": 82,
        "revenue": 1919,
        "sgaExpense": 329,
        "totalOperatingExpense": 329,
        "totalOtherIncomeExpenseNet": -6
      },
      {
        "costOfGoodsSold": 1301,
        "dilutedAverageSharesOutstanding": 313,
        "dilutedEPS": 0.47,
        "ebit": 244,
        "grossIncome": 619,
        "interestExpense": 41,
        "interestIncomeExpense": -40,
        "minorityInterest": -12,
        "netIncome": 148,
        "netIncomeAfterTaxes": 161,
        "period": "2018-03-31",
        "pretaxIncome": 200,
        "provisionforIncomeTaxes": 39,
        "revenue": 1920,
        "sgaExpense": 375,
        "totalOperatingExpense": 375,
        "totalOtherIncomeExpenseNet": -4
      },
      {
        "costOfGoodsSold": 13,
        "dilutedAverageSharesOutstanding": 323,
        "dilutedEPS": 0.24,
        "ebit": 27,
        "grossIncome": 212,
        "interestExpense": 40,
        "interestIncomeExpense": -41,
        "minorityInterest": -12,
        "netIncome": 79,
        "netIncomeAfterTaxes": -32,
        "otherOperatingExpensesTotal": 64,
        "period": "2017-12-31",
        "pretaxIncome": -18,
        "provisionforIncomeTaxes": 14,
        "revenue": 225,
        "sgaExpense": 121,
        "totalOperatingExpense": 185,
        "totalOtherIncomeExpenseNet": -4
      },
      {
        "costOfGoodsSold": 1288,
        "dilutedAverageSharesOutstanding": 316,
        "dilutedEPS": 0.48,
        "ebit": 309,
        "grossIncome": 657,
        "interestExpense": 43,
        "interestIncomeExpense": -39,
        "minorityInterest": -12,
        "netIncome": 151,
        "netIncomeAfterTaxes": 164,
        "nonRecurringItems": 0,
        "period": "2017-09-30",
        "pretaxIncome": 264,
        "provisionforIncomeTaxes": 100,
        "revenue": 1945,
        "sgaExpense": 348,
        "totalOperatingExpense": 348,
        "totalOtherIncomeExpenseNet": -6
      },
      {
        "costOfGoodsSold": 1320,
        "dilutedAverageSharesOutstanding": 319,
        "dilutedEPS": 0.5,
        "ebit": 372,
        "grossIncome": 746,
        "interestExpense": 153,
        "interestIncomeExpense": -151,
        "minorityInterest": -13,
        "netIncome": 161,
        "netIncomeAfterTaxes": 176,
        "nonRecurringItems": 49,
        "period": "2017-06-30",
        "pretaxIncome": 262,
        "provisionforIncomeTaxes": 86,
        "revenue": 2066,
        "sgaExpense": 374,
        "totalOperatingExpense": 374,
        "totalOtherIncomeExpenseNet": -8
      },
      {
        "costOfGoodsSold": 1173,
        "dilutedAverageSharesOutstanding": 321,
        "dilutedEPS": 0.43,
        "ebit": 257,
        "grossIncome": 605,
        "interestExpense": 43,
        "interestIncomeExpense": -40,
        "minorityInterest": -10,
        "netIncome": 137,
        "netIncomeAfterTaxes": 148,
        "period": "2017-03-31",
        "pretaxIncome": 210,
        "provisionforIncomeTaxes": 62,
        "revenue": 1778,
        "sgaExpense": 348,
        "totalOperatingExpense": 348,
        "totalOtherIncomeExpenseNet": -7
      },
      {
        "costOfGoodsSold": 1184,
        "dilutedAverageSharesOutstanding": 324,
        "dilutedEPS": 0.31,
        "ebit": 249,
        "grossIncome": 579,
        "interestExpense": 43,
        "interestIncomeExpense": -44,
        "minorityInterest": -8,
        "netIncome": 99,
        "netIncomeAfterTaxes": 108,
        "period": "2016-12-31",
        "pretaxIncome": 175,
        "provisionforIncomeTaxes": 67,
        "revenue": 1763,
        "sgaExpense": 330,
        "totalOperatingExpense": 330,
        "totalOtherIncomeExpenseNet": -30
      },
      {
        "costOfGoodsSold": 1263,
        "dilutedAverageSharesOutstanding": 329,
        "dilutedEPS": 0.4,
        "ebit": 270,
        "grossIncome": 614,
        "interestExpense": 43,
        "interestIncomeExpense": -44,
        "minorityInterest": -12,
        "netIncome": 132,
        "netIncomeAfterTaxes": 146,
        "nonRecurringItems": -1,
        "period": "2016-09-30",
        "pretaxIncome": 227,
        "provisionforIncomeTaxes": 81,
        "revenue": 1877,
        "sgaExpense": 344,
        "totalOperatingExpense": 344,
        "totalOtherIncomeExpenseNet": 2
      },
      {
        "costOfGoodsSold": 1301,
        "dilutedAverageSharesOutstanding": 331,
        "dilutedEPS": 0.45,
        "ebit": 337,
        "grossIncome": 700,
        "interestExpense": 87,
        "interestIncomeExpense": -82,
        "minorityInterest": -13,
        "netIncome": 148,
        "netIncomeAfterTaxes": 163,
        "nonRecurringItems": -2,
        "period": "2016-06-30",
        "pretaxIncome": 253,
        "provisionforIncomeTaxes": 90,
        "revenue": 2001,
        "sgaExpense": 363,
        "totalOperatingExpense": 363,
        "totalOtherIncomeExpenseNet": 0
      },
      {
        "costOfGoodsSold": 1151,
        "dilutedAverageSharesOutstanding": 333,
        "dilutedEPS": 0.32,
        "ebit": 236,
        "grossIncome": 569,
        "interestExpense": 56,
        "interestIncomeExpense": -54,
        "minorityInterest": -10,
        "netIncome": 108,
        "netIncomeAfterTaxes": 119,
        "nonRecurringItems": -2,
        "period": "2016-03-31",
        "pretaxIncome": 177,
        "provisionforIncomeTaxes": 58,
        "revenue": 1720,
        "sgaExpense": 333,
        "totalOperatingExpense": 333,
        "totalOtherIncomeExpenseNet": -3
      },
      {
        "costOfGoodsSold": 1183,
        "dilutedAverageSharesOutstanding": 332,
        "dilutedEPS": 0.23,
        "ebit": 216,
        "grossIncome": 532,
        "interestExpense": 54,
        "interestIncomeExpense": -68,
        "minorityInterest": -10,
        "netIncome": 74,
        "netIncomeAfterTaxes": 86,
        "nonRecurringItems": -4,
        "period": "2015-12-31",
        "pretaxIncome": 160,
        "provisionforIncomeTaxes": 74,
        "revenue": 1715,
        "sgaExpense": 316,
        "totalOperatingExpense": 316,
        "totalOtherIncomeExpenseNet": 16
      },
      {
        "costOfGoodsSold": 1250,
        "dilutedAverageSharesOutstanding": 338,
        "dilutedEPS": 0.32,
        "ebit": 259,
        "grossIncome": 589,
        "interestExpense": 54,
        "interestIncomeExpense": -52,
        "minorityInterest": -10,
        "netIncome": 109,
        "netIncomeAfterTaxes": 121,
        "nonRecurringItems": -1,
        "period": "2015-09-30",
        "pretaxIncome": 198,
        "provisionforIncomeTaxes": 77,
        "revenue": 1839,
        "sgaExpense": 330,
        "totalOperatingExpense": 330,
        "totalOtherIncomeExpenseNet": -8
      }
    ],
    "symbol": "MAS"
  }
}