{
  "symbol": "SBUX",
  "statement": "ic",
  "frequency": "quarterly",
  "timestamp": "2025-09-19T14:06:54.933338",
  "data": {
    "financials": [
      {
        "costOfGoodsSold": 7300.3,
        "depreciationAmortization": 427.6,
        "dilutedAverageSharesOutstanding": 1139.8,
        "dilutedEPS": 0.49,
        "ebit": 899.3,
        "grossIncome": 2155.7,
        "interestExpense": 142.3,
        "interestIncomeExpense": -59.6,
        "minorityInterest": -0.2,
        "netIncome": 558.3,
        "netIncomeAfterTaxes": 558.5,
        "nonRecurringItems": -20.8,
        "otherOperatingExpensesTotal": 151.6,
        "period": "2025-06-29",
        "pretaxIncome": 818.9,
        "provisionforIncomeTaxes": 260.4,
        "revenue": 9456,
        "sgaExpense": 677.2,
        "totalOperatingExpense": 1256.4
      },
      {
        "costOfGoodsSold": 6913.6,
        "depreciationAmortization": 418.9,
        "dilutedAverageSharesOutstanding": 1140,
        "dilutedEPS": 0.34,
        "ebit": 658.1,
        "grossIncome": 1848,
        "interestExpense": 127.3,
        "interestIncomeExpense": -39.8,
        "minorityInterest": 0.1,
        "netIncome": 384.2,
        "netIncomeAfterTaxes": 384.1,
        "nonRecurringItems": -116.2,
        "otherOperatingExpensesTotal": 138.7,
        "period": "2025-03-30",
        "pretaxIncome": 502.1,
        "provisionforIncomeTaxes": 118,
        "revenue": 8761.6,
        "sgaExpense": 632.3,
        "totalOperatingExpense": 1189.9
      },
      {
        "costOfGoodsSold": 7096.7,
        "depreciationAmortization": 407.6,
        "dilutedAverageSharesOutstanding": 1138.4,
        "dilutedEPS": 0.69,
        "ebit": 1075.2,
        "grossIncome": 2301.1,
        "interestExpense": 127.2,
        "interestIncomeExpense": -52.9,
        "minorityInterest": -0.1,
        "netIncome": 780.8,
        "netIncomeAfterTaxes": 780.9,
        "otherOperatingExpensesTotal": 152.5,
        "period": "2024-12-29",
        "pretaxIncome": 1022.3,
        "provisionforIncomeTaxes": 241.4,
        "revenue": 9397.8,
        "sgaExpense": 665.8,
        "totalOperatingExpense": 1225.9
      },
      {
        "costOfGoodsSold": 6668.9,
        "depreciationAmortization": 395,
        "dilutedAverageSharesOutstanding": 1137.3,
        "dilutedEPS": 0.8,
        "ebit": 1226.8,
        "grossIncome": 2405,
        "interestExpense": 140,
        "interestIncomeExpense": -9.8,
        "minorityInterest": -0.4,
        "netIncome": 909.2,
        "netIncomeAfterTaxes": 909.6,
        "nonRecurringItems": -23.3,
        "otherOperatingExpensesTotal": 138.5,
        "period": "2024-09-29",
        "pretaxIncome": 1193.7,
        "provisionforIncomeTaxes": 284.1,
        "revenue": 9073.9,
        "sgaExpense": 644.7,
        "totalOperatingExpense": 1178.2
      },
      {
        "costOfGoodsSold": 6570,
        "depreciationAmortization": 380.4,
        "dilutedAverageSharesOutstanding": 1135.8,
        "dilutedEPS": 0.93,
        "ebit": 1443.6,
        "grossIncome": 2543.9,
        "interestExpense": 141.3,
        "interestIncomeExpense": -39.3,
        "minorityInterest": -0.9,
        "netIncome": 1054.8,
        "netIncomeAfterTaxes": 1055.7,
        "nonRecurringItems": 0,
        "otherOperatingExpensesTotal": 143.9,
        "period": "2024-06-30",
        "pretaxIncome": 1404.3,
        "provisionforIncomeTaxes": 348.6,
        "revenue": 9113.9,
        "sgaExpense": 576,
        "totalOperatingExpense": 1100.3
      },
      {
        "costOfGoodsSold": 6372.8,
        "depreciationAmortization": 371.9,
        "dilutedAverageSharesOutstanding": 1135.4,
        "dilutedEPS": 0.68,
        "ebit": 1030.9,
        "grossIncome": 2190.2,
        "interestExpense": 140.6,
        "interestIncomeExpense": -38.5,
        "minorityInterest": -0.1,
        "netIncome": 772.4,
        "netIncomeAfterTaxes": 772.5,
        "nonRecurringItems": 0,
        "otherOperatingExpensesTotal": 132.8,
        "period": "2024-03-31",
        "pretaxIncome": 992.4,
        "provisionforIncomeTaxes": 219.9,
        "revenue": 8563,
        "sgaExpense": 654.6,
        "totalOperatingExpense": 1159.3
      },
      {
        "costOfGoodsSold": 6832.1,
        "depreciationAmortization": 365.3,
        "dilutedAverageSharesOutstanding": 1140.6,
        "dilutedEPS": 0.9,
        "ebit": 1429.5,
        "grossIncome": 2593.2,
        "interestExpense": 140.1,
        "interestIncomeExpense": -50.4,
        "minorityInterest": 0,
        "netIncome": 1024.4,
        "netIncomeAfterTaxes": 1024.4,
        "nonRecurringItems": 0,
        "otherOperatingExpensesTotal": 150.4,
        "period": "2023-12-31",
        "pretaxIncome": 1379.1,
        "provisionforIncomeTaxes": 354.7,
        "revenue": 9425.3,
        "sgaExpense": 648,
        "totalOperatingExpense": 1163.7
      },
      {
        "costOfGoodsSold": 6631.2,
        "depreciationAmortization": 351.4,
        "dilutedAverageSharesOutstanding": 1149.2,
        "dilutedEPS": 1.06,
        "ebit": 1610,
        "grossIncome": 2742.4,
        "interestExpense": 143.2,
        "interestIncomeExpense": 6.3,
        "minorityInterest": 0,
        "netIncome": 1219.3,
        "netIncomeAfterTaxes": 1219.3,
        "nonRecurringItems": -23.2,
        "otherOperatingExpensesTotal": 145.3,
        "period": "2023-10-01",
        "pretaxIncome": 1593.1,
        "provisionforIncomeTaxes": 373.8,
        "revenue": 9373.6,
        "sgaExpense": 635.7,
        "totalOperatingExpense": 1132.4
      },
      {
        "costOfGoodsSold": 6561.8,
        "depreciationAmortization": 342.2,
        "dilutedAverageSharesOutstanding": 1150.5,
        "dilutedEPS": 0.99,
        "ebit": 1521.3,
        "grossIncome": 2606.5,
        "interestExpense": 140.9,
        "interestIncomeExpense": -49.9,
        "minorityInterest": -0.2,
        "netIncome": 1141.7,
        "netIncomeAfterTaxes": 1141.9,
        "nonRecurringItems": -7.1,
        "otherOperatingExpensesTotal": 138.7,
        "period": "2023-07-02",
        "pretaxIncome": 1464.3,
        "provisionforIncomeTaxes": 322.4,
        "revenue": 9168.3,
        "sgaExpense": 604.3,
        "totalOperatingExpense": 1085.2
      },
      {
        "costOfGoodsSold": 6437.7,
        "depreciationAmortization": 341.9,
        "dilutedAverageSharesOutstanding": 1152.7,
        "dilutedEPS": 0.79,
        "ebit": 1193.6,
        "grossIncome": 2282.1,
        "interestExpense": 136.3,
        "interestIncomeExpense": -66.5,
        "minorityInterest": 0,
        "netIncome": 908.3,
        "netIncomeAfterTaxes": 908.3,
        "nonRecurringItems": 82.5,
        "otherOperatingExpensesTotal": 126.2,
        "period": "2023-04-02",
        "pretaxIncome": 1209.6,
        "provisionforIncomeTaxes": 301.3,
        "revenue": 8719.8,
        "sgaExpense": 620.4,
        "totalOperatingExpense": 1088.5
      },
      {
        "costOfGoodsSold": 6475.5,
        "depreciationAmortization": 327.1,
        "dilutedAverageSharesOutstanding": 1152.9,
        "dilutedEPS": 0.74,
        "ebit": 1201.1,
        "grossIncome": 2238.4,
        "interestExpense": 129.7,
        "interestIncomeExpense": -60.3,
        "minorityInterest": 0,
        "netIncome": 855.2,
        "netIncomeAfterTaxes": 855.2,
        "nonRecurringItems": -5.8,
        "otherOperatingExpensesTotal": 129.3,
        "period": "2023-01-01",
        "pretaxIncome": 1135,
        "provisionforIncomeTaxes": 279.8,
        "revenue": 8713.9,
        "sgaExpense": 580.9,
        "totalOperatingExpense": 1037.3
      },
      {
        "costOfGoodsSold": 6255.7,
        "depreciationAmortization": 357.4,
        "dilutedAverageSharesOutstanding": 1152.5,
        "dilutedEPS": 0.76,
        "ebit": 1140,
        "grossIncome": 2158.5,
        "interestExpense": 125.3,
        "interestIncomeExpense": -3.7,
        "minorityInterest": -0.3,
        "netIncome": 878.3,
        "netIncomeAfterTaxes": 878.6,
        "nonRecurringItems": -35.1,
        "otherOperatingExpensesTotal": 123.1,
        "period": "2022-10-02",
        "pretaxIncome": 1101.2,
        "provisionforIncomeTaxes": 222.6,
        "revenue": 8414.2,
        "sgaExpense": 538,
        "totalOperatingExpense": 1018.5
      },
      {
        "costOfGoodsSold": 5916.1,
        "depreciationAmortization": 356.8,
        "dilutedAverageSharesOutstanding": 1151,
        "dilutedEPS": 0.79,
        "ebit": 1255.4,
        "grossIncome": 2234,
        "interestExpense": 123.1,
        "interestIncomeExpense": -49.2,
        "minorityInterest": -0.8,
        "netIncome": 912.9,
        "netIncomeAfterTaxes": 913.7,
        "nonRecurringItems": -14,
        "otherOperatingExpensesTotal": 135.1,
        "period": "2022-07-03",
        "pretaxIncome": 1192.2,
        "provisionforIncomeTaxes": 278.5,
        "revenue": 8150.1,
        "sgaExpense": 486.7,
        "totalOperatingExpense": 978.6
      },
      {
        "costOfGoodsSold": 5780.5,
        "depreciationAmortization": 367.7,
        "dilutedAverageSharesOutstanding": 1153.9,
        "dilutedEPS": 0.58,
        "ebit": 904.2,
        "grossIncome": 1855.1,
        "interestExpense": 119.1,
        "interestIncomeExpense": -23.7,
        "minorityInterest": -0.5,
        "netIncome": 674.5,
        "netIncomeAfterTaxes": 675,
        "nonRecurringItems": -4.4,
        "otherOperatingExpensesTotal": 101.7,
        "period": "2022-04-03",
        "pretaxIncome": 876.1,
        "provisionforIncomeTaxes": 201.1,
        "revenue": 7635.6,
        "sgaExpense": 481.5,
        "totalOperatingExpense": 950.9
      },
      {
        "costOfGoodsSold": 5926.9,
        "depreciationAmortization": 366,
        "dilutedAverageSharesOutstanding": 1176.6,
        "dilutedEPS": 0.69,
        "ebit": 1130,
        "grossIncome": 2123.5,
        "interestExpense": 115.3,
        "interestIncomeExpense": -75.1,
        "minorityInterest": -0.2,
        "netIncome": 815.9,
        "netIncomeAfterTaxes": 816.1,
        "nonRecurringItems": 7.5,
        "otherOperatingExpensesTotal": 101.7,
        "period": "2022-01-02",
        "pretaxIncome": 1062.4,
        "provisionforIncomeTaxes": 246.3,
        "revenue": 8050.4,
        "sgaExpense": 525.8,
        "totalOperatingExpense": 993.5
      },
      {
        "costOfGoodsSold": 5764.5,
        "depreciationAmortization": 354.7,
        "dilutedAverageSharesOutstanding": 1187.9,
        "dilutedEPS": 1.49,
        "ebit": 1417.6,
        "grossIncome": 2382.2,
        "interestExpense": 120.6,
        "interestIncomeExpense": 20.9,
        "minorityInterest": -0.2,
        "netIncome": 1764.4,
        "netIncomeAfterTaxes": 1764.6,
        "nonRecurringItems": 809.1,
        "otherOperatingExpensesTotal": 108.7,
        "period": "2021-10-03",
        "pretaxIncome": 2247.6,
        "provisionforIncomeTaxes": 483,
        "revenue": 8146.7,
        "sgaExpense": 501.2,
        "totalOperatingExpense": 964.6
      },
      {
        "costOfGoodsSold": 5172.9,
        "depreciationAmortization": 354.3,
        "dilutedAverageSharesOutstanding": 1186.2,
        "dilutedEPS": 0.97,
        "ebit": 1403,
        "grossIncome": 2323.6,
        "interestExpense": 113.4,
        "interestIncomeExpense": 28.1,
        "minorityInterest": -0.8,
        "netIncome": 1153.4,
        "netIncomeAfterTaxes": 1154.2,
        "nonRecurringItems": -19.8,
        "otherOperatingExpensesTotal": 71.4,
        "period": "2021-06-27",
        "pretaxIncome": 1411.3,
        "provisionforIncomeTaxes": 257.1,
        "revenue": 7496.5,
        "sgaExpense": 494.9,
        "totalOperatingExpense": 920.6
      },
      {
        "costOfGoodsSold": 4815.7,
        "depreciationAmortization": 366.7,
        "dilutedAverageSharesOutstanding": 1184.8,
        "dilutedEPS": 0.56,
        "ebit": 933.5,
        "grossIncome": 1852.3,
        "interestExpense": 115,
        "interestIncomeExpense": -20.6,
        "minorityInterest": 0,
        "netIncome": 659.4,
        "netIncomeAfterTaxes": 659.4,
        "nonRecurringItems": -23,
        "otherOperatingExpensesTotal": 87.7,
        "period": "2021-03-28",
        "pretaxIncome": 889.9,
        "provisionforIncomeTaxes": 230.5,
        "revenue": 6668,
        "sgaExpense": 464.4,
        "totalOperatingExpense": 918.8
      },
      {
        "costOfGoodsSold": 4916.4,
        "depreciationAmortization": 366.1,
        "dilutedAverageSharesOutstanding": 1183,
        "dilutedEPS": 0.53,
        "ebit": 903,
        "grossIncome": 1833,
        "interestExpense": 120.7,
        "interestIncomeExpense": -22.5,
        "minorityInterest": 0,
        "netIncome": 622.2,
        "netIncomeAfterTaxes": 622.2,
        "nonRecurringItems": -72.2,
        "otherOperatingExpensesTotal": 91.8,
        "period": "2020-12-27",
        "pretaxIncome": 808.3,
        "provisionforIncomeTaxes": 186.1,
        "revenue": 6749.4,
        "sgaExpense": 472.1,
        "totalOperatingExpense": 930
      },
      {
        "costOfGoodsSold": 4660,
        "depreciationAmortization": 363,
        "dilutedAverageSharesOutstanding": 1179.1,
        "dilutedEPS": 0.33,
        "ebit": 641.1,
        "grossIncome": 1543.1,
        "interestExpense": 124.9,
        "interestIncomeExpense": -3.7,
        "minorityInterest": -0.1,
        "netIncome": 392.6,
        "netIncomeAfterTaxes": 392.7,
        "nonRecurringItems": -195,
        "otherOperatingExpensesTotal": 100,
        "period": "2020-09-27",
        "pretaxIncome": 442.4,
        "provisionforIncomeTaxes": 49.7,
        "revenue": 6203.1,
        "sgaExpense": 439,
        "totalOperatingExpense": 902
      },
      {
        "costOfGoodsSold": 4021.8,
        "depreciationAmortization": 361,
        "dilutedAverageSharesOutstanding": 1168.5,
        "dilutedEPS": -0.58,
        "ebit": -694.2,
        "grossIncome": 200.3,
        "interestExpense": 120.8,
        "interestIncomeExpense": -39.7,
        "minorityInterest": -0.3,
        "netIncome": -678.4,
        "netIncomeAfterTaxes": -678.1,
        "nonRecurringItems": -78.1,
        "otherOperatingExpensesTotal": 133.6,
        "period": "2020-06-28",
        "pretaxIncome": -812,
        "provisionforIncomeTaxes": -133.9,
        "revenue": 4222.1,
        "sgaExpense": 399.9,
        "totalOperatingExpense": 894.5
      },
      {
        "costOfGoodsSold": 4719.1,
        "depreciationAmortization": 356.3,
        "dilutedAverageSharesOutstanding": 1180.7,
        "dilutedEPS": 0.28,
        "ebit": 418.8,
        "grossIncome": 1276.6,
        "interestExpense": 106.9,
        "interestIncomeExpense": -29.3,
        "minorityInterest": 3.6,
        "netIncome": 328.4,
        "netIncomeAfterTaxes": 324.8,
        "nonRecurringItems": 0.7,
        "otherOperatingExpensesTotal": 95,
        "period": "2020-03-29",
        "pretaxIncome": 390.2,
        "provisionforIncomeTaxes": 65.4,
        "revenue": 5995.7,
        "sgaExpense": 406.5,
        "totalOperatingExpense": 857.8
      },
      {
        "costOfGoodsSold": 5057.9,
        "depreciationAmortization": 351,
        "dilutedAverageSharesOutstanding": 1191,
        "dilutedEPS": 0.74,
        "ebit": 1152.2,
        "grossIncome": 2039.2,
        "interestExpense": 85.2,
        "interestIncomeExpense": -2.1,
        "minorityInterest": 0.4,
        "netIncome": 885.7,
        "netIncomeAfterTaxes": 885.3,
        "nonRecurringItems": -6.3,
        "otherOperatingExpensesTotal": 101.8,
        "period": "2019-12-29",
        "pretaxIncome": 1143.8,
        "provisionforIncomeTaxes": 258.5,
        "revenue": 7097.1,
        "sgaExpense": 434.2,
        "totalOperatingExpense": 887
      },
      {
        "costOfGoodsSold": 4888.2,
        "depreciationAmortization": 344.8,
        "dilutedAverageSharesOutstanding": 1205.6,
        "dilutedEPS": 0.67,
        "ebit": 1003.3,
        "grossIncome": 1858.8,
        "interestExpense": 95.7,
        "interestIncomeExpense": 12.5,
        "minorityInterest": 0.4,
        "netIncome": 802.8,
        "netIncomeAfterTaxes": 802.4,
        "nonRecurringItems": -11.9,
        "otherOperatingExpensesTotal": 105.8,
        "period": "2019-09-29",
        "pretaxIncome": 1003.9,
        "provisionforIncomeTaxes": 201.5,
        "revenue": 6747,
        "sgaExpense": 404.9,
        "totalOperatingExpense": 855.5
      },
      {
        "costOfGoodsSold": 4827.1,
        "depreciationAmortization": 343.1,
        "dilutedAverageSharesOutstanding": 1223,
        "dilutedEPS": 1.12,
        "ebit": 1083,
        "grossIncome": 1995.9,
        "interestExpense": 85.1,
        "interestIncomeExpense": 29.8,
        "minorityInterest": -0.4,
        "netIncome": 1372.8,
        "netIncomeAfterTaxes": 1373.2,
        "nonRecurringItems": 564.1,
        "otherOperatingExpensesTotal": 89.6,
        "period": "2019-06-30",
        "pretaxIncome": 1676.9,
        "provisionforIncomeTaxes": 303.7,
        "revenue": 6823,
        "sgaExpense": 480.2,
        "totalOperatingExpense": 912.9
      },
      {
        "costOfGoodsSold": 4553.4,
        "depreciationAmortization": 356.2,
        "dilutedAverageSharesOutstanding": 1250.7,
        "dilutedEPS": 0.53,
        "ebit": 838.4,
        "grossIncome": 1752.5,
        "interestExpense": 85.5,
        "interestIncomeExpense": 3.6,
        "minorityInterest": 4.4,
        "netIncome": 663.2,
        "netIncomeAfterTaxes": 658.8,
        "nonRecurringItems": -22,
        "otherOperatingExpensesTotal": 82.3,
        "period": "2019-03-31",
        "pretaxIncome": 820,
        "provisionforIncomeTaxes": 161.2,
        "revenue": 6305.9,
        "sgaExpense": 475.6,
        "totalOperatingExpense": 914.1
      },
      {
        "costOfGoodsSold": 4751.7,
        "depreciationAmortization": 333.4,
        "dilutedAverageSharesOutstanding": 1253.4,
        "dilutedEPS": 0.61,
        "ebit": 991.1,
        "grossIncome": 1881,
        "interestExpense": 91.9,
        "interestIncomeExpense": 17.6,
        "minorityInterest": 0.2,
        "netIncome": 760.6,
        "netIncomeAfterTaxes": 760.4,
        "nonRecurringItems": -43.2,
        "otherOperatingExpensesTotal": 93.2,
        "period": "2018-12-30",
        "pretaxIncome": 965.5,
        "provisionforIncomeTaxes": 205.1,
        "revenue": 6632.7,
        "sgaExpense": 463.3,
        "totalOperatingExpense": 889.9
      },
      {
        "costOfGoodsSold": 4442.4,
        "depreciationAmortization": 326.6,
        "dilutedAverageSharesOutstanding": 1348.7,
        "dilutedEPS": 0.57,
        "ebit": 913.9,
        "grossIncome": 1861.2,
        "interestExpense": 63.9,
        "interestIncomeExpense": 60,
        "minorityInterest": -0.6,
        "netIncome": 755.5,
        "netIncomeAfterTaxes": 765.1,
        "nonRecurringItems": -42.3,
        "otherOperatingExpensesTotal": 115.3,
        "period": "2018-09-30",
        "pretaxIncome": 931.6,
        "provisionforIncomeTaxes": 166.5,
        "revenue": 6303.6,
        "sgaExpense": 505.4,
        "totalOperatingExpense": 947.3
      },
      {
        "costOfGoodsSold": 4379.9,
        "depreciationAmortization": 330,
        "dilutedAverageSharesOutstanding": 1388.5,
        "dilutedEPS": 0.61,
        "ebit": 983.7,
        "grossIncome": 1930.4,
        "interestExpense": 45.4,
        "interestIncomeExpense": 57.5,
        "minorityInterest": 0.5,
        "netIncome": 852.5,
        "netIncomeAfterTaxes": 841,
        "nonRecurringItems": -14.4,
        "otherOperatingExpensesTotal": 148,
        "period": "2018-07-01",
        "pretaxIncome": 1026.8,
        "provisionforIncomeTaxes": 185.8,
        "revenue": 6310.3,
        "sgaExpense": 468.7,
        "totalOperatingExpense": 946.7
      },
      {
        "costOfGoodsSold": 4305.6,
        "depreciationAmortization": 331.6,
        "dilutedAverageSharesOutstanding": 1406.6,
        "dilutedEPS": 0.46,
        "ebit": 854.5,
        "grossIncome": 1726.2,
        "interestExpense": 35.1,
        "interestIncomeExpense": 53.1,
        "minorityInterest": 0.3,
        "netIncome": 660.1,
        "netIncomeAfterTaxes": 686.8,
        "nonRecurringItems": -92,
        "otherOperatingExpensesTotal": 134.3,
        "period": "2018-04-01",
        "pretaxIncome": 815.6,
        "provisionforIncomeTaxes": 128.8,
        "revenue": 6031.8,
        "sgaExpense": 405.8,
        "totalOperatingExpense": 871.7
      },
      {
        "costOfGoodsSold": 4239.9,
        "depreciationAmortization": 258.8,
        "dilutedAverageSharesOutstanding": 1434.6,
        "dilutedEPS": 1.56,
        "ebit": 1054.3,
        "grossIncome": 1833.8,
        "interestExpense": 25.9,
        "interestIncomeExpense": 151.7,
        "minorityInterest": 0.1,
        "netIncome": 2250.2,
        "netIncomeAfterTaxes": 2385.1,
        "nonRecurringItems": 1799.9,
        "otherOperatingExpensesTotal": 141.6,
        "period": "2017-12-31",
        "pretaxIncome": 3005.9,
        "provisionforIncomeTaxes": 620.8,
        "revenue": 6073.7,
        "sgaExpense": 379.1,
        "totalOperatingExpense": 779.5
      },
      {
        "costOfGoodsSold": 3992.7,
        "depreciationAmortization": 255.4,
        "dilutedAverageSharesOutstanding": 1451.3,
        "dilutedEPS": 0.54,
        "ebit": 934,
        "grossIncome": 1705.6,
        "interestExpense": 22.3,
        "interestIncomeExpense": 251.2,
        "minorityInterest": -0.8,
        "netIncome": 788.6,
        "netIncomeAfterTaxes": 789.4,
        "nonRecurringItems": -33.3,
        "otherOperatingExpensesTotal": 131.1,
        "period": "2017-10-01",
        "pretaxIncome": 1151.9,
        "provisionforIncomeTaxes": 362.5,
        "revenue": 5698.3,
        "sgaExpense": 385.1,
        "totalOperatingExpense": 771.6
      },
      {
        "costOfGoodsSold": 3878,
        "depreciationAmortization": 252.6,
        "dilutedAverageSharesOutstanding": 1459.4,
        "dilutedEPS": 0.47,
        "ebit": 1063.4,
        "grossIncome": 1783.5,
        "interestExpense": 23.5,
        "interestIncomeExpense": 109.2,
        "minorityInterest": 0.3,
        "netIncome": 691.6,
        "netIncomeAfterTaxes": 691.3,
        "nonRecurringItems": -120.2,
        "otherOperatingExpensesTotal": 142.5,
        "period": "2017-07-02",
        "pretaxIncome": 1052.4,
        "provisionforIncomeTaxes": 361.1,
        "revenue": 5661.5,
        "sgaExpense": 325,
        "totalOperatingExpense": 720.1
      },
      {
        "costOfGoodsSold": 3727.6,
        "depreciationAmortization": 253.6,
        "dilutedAverageSharesOutstanding": 1464.8,
        "dilutedEPS": 0.45,
        "ebit": 851.3,
        "grossIncome": 1566.4,
        "interestExpense": 22.9,
        "interestIncomeExpense": 129.1,
        "minorityInterest": 0,
        "netIncome": 652.8,
        "netIncomeAfterTaxes": 652.8,
        "otherOperatingExpensesTotal": 134.7,
        "period": "2017-04-02",
        "pretaxIncome": 980.4,
        "provisionforIncomeTaxes": 327.6,
        "revenue": 5294,
        "sgaExpense": 326.8,
        "totalOperatingExpense": 715.1
      },
      {
        "costOfGoodsSold": 3933.2,
        "depreciationAmortization": 249.7,
        "dilutedAverageSharesOutstanding": 1470.5,
        "dilutedEPS": 0.51,
        "ebit": 1048.2,
        "grossIncome": 1799.7,
        "interestExpense": 23.8,
        "interestIncomeExpense": 84.7,
        "minorityInterest": 0.3,
        "netIncome": 751.8,
        "netIncomeAfterTaxes": 751.5,
        "otherOperatingExpensesTotal": 145.4,
        "period": "2017-01-01",
        "pretaxIncome": 1132.9,
        "provisionforIncomeTaxes": 381.4,
        "revenue": 5732.9,
        "sgaExpense": 356.4,
        "totalOperatingExpense": 751.5
      },
      {
        "costOfGoodsSold": 3816.5,
        "depreciationAmortization": 249.9,
        "dilutedAverageSharesOutstanding": 1477.7,
        "dilutedEPS": 0.54,
        "ebit": 1121.5,
        "grossIncome": 1894.7,
        "interestExpense": 24.7,
        "interestIncomeExpense": 93.7,
        "minorityInterest": -0.8,
        "netIncome": 800.9,
        "netIncomeAfterTaxes": 801.7,
        "nonRecurringItems": 0,
        "otherOperatingExpensesTotal": 122.1,
        "period": "2016-10-02",
        "pretaxIncome": 1215.2,
        "provisionforIncomeTaxes": 413.5,
        "revenue": 5711.2,
        "sgaExpense": 401.2,
        "totalOperatingExpense": 773.2
      },
      {
        "costOfGoodsSold": 3589.7,
        "depreciationAmortization": 247.6,
        "dilutedAverageSharesOutstanding": 1479.3,
        "dilutedEPS": 0.51,
        "ebit": 939.8,
        "grossIncome": 1648.3,
        "interestExpense": 21.8,
        "interestIncomeExpense": 133.6,
        "minorityInterest": -0.4,
        "netIncome": 754.1,
        "netIncomeAfterTaxes": 754.5,
        "nonRecurringItems": 0,
        "otherOperatingExpensesTotal": 137.5,
        "period": "2016-06-26",
        "pretaxIncome": 1073.4,
        "provisionforIncomeTaxes": 318.9,
        "revenue": 5238,
        "sgaExpense": 323.4,
        "totalOperatingExpense": 708.5
      },
      {
        "costOfGoodsSold": 3476.7,
        "depreciationAmortization": 247.8,
        "dilutedAverageSharesOutstanding": 1486.6,
        "dilutedEPS": 0.39,
        "ebit": 798.6,
        "grossIncome": 1516.5,
        "interestExpense": 18.3,
        "interestIncomeExpense": 61.8,
        "minorityInterest": 0.1,
        "netIncome": 575.1,
        "netIncomeAfterTaxes": 575,
        "nonRecurringItems": 0,
        "otherOperatingExpensesTotal": 139.6,
        "period": "2016-03-27",
        "pretaxIncome": 860.4,
        "provisionforIncomeTaxes": 285.4,
        "revenue": 4993.2,
        "sgaExpense": 330.5,
        "totalOperatingExpense": 717.9
      },
      {
        "costOfGoodsSold": 3692.4,
        "depreciationAmortization": 235.5,
        "dilutedAverageSharesOutstanding": 1503.3,
        "dilutedEPS": 0.46,
        "ebit": 993.9,
        "grossIncome": 1681.1,
        "interestExpense": 16.5,
        "interestIncomeExpense": 55.7,
        "minorityInterest": -0.1,
        "netIncome": 687.6,
        "netIncomeAfterTaxes": 687.7,
        "nonRecurringItems": 0,
        "otherOperatingExpensesTotal": 146.2,
        "period": "2015-12-27",
        "pretaxIncome": 1049.6,
        "provisionforIncomeTaxes": 361.9,
        "revenue": 5373.5,
        "sgaExpense": 305.5,
        "totalOperatingExpense": 687.2
      },
      {
        "costOfGoodsSold": 3361.2,
        "depreciationAmortization": 234.3,
        "dilutedAverageSharesOutstanding": 1504.7,
        "dilutedEPS": 0.43,
        "ebit": 887.5,
        "grossIncome": 1553.6,
        "interestExpense": 18.2,
        "interestIncomeExpense": 70.1,
        "minorityInterest": 0,
        "netIncome": 652.5,
        "netIncomeAfterTaxes": 652.5,
        "nonRecurringItems": -61.1,
        "otherOperatingExpensesTotal": 127.9,
        "period": "2015-09-27",
        "pretaxIncome": 896.5,
        "provisionforIncomeTaxes": 244,
        "revenue": 4914.8,
        "sgaExpense": 303.9,
        "totalOperatingExpense": 666.1
      }
    ],
    "symbol": "SBUX"
  }
}