{
  "symbol": "DAL",
  "statement": "ic",
  "frequency": "quarterly",
  "timestamp": "2025-09-19T13:59:03.563787",
  "data": {
    "financials": [
      {
        "costOfGoodsSold": 7761,
        "depreciationAmortization": 602,
        "dilutedAverageSharesOutstanding": 652,
        "dilutedEPS": 3.27,
        "ebit": 2102,
        "grossIncome": 8887,
        "interestIncomeExpense": 563,
        "netIncome": 2130,
        "netIncomeAfterTaxes": 2130,
        "nonRecurringItems": -20,
        "otherOperatingExpensesTotal": 638,
        "period": "2025-06-30",
        "pretaxIncome": 2574,
        "provisionforIncomeTaxes": 444,
        "revenue": 16648,
        "sgaExpense": 5545,
        "totalOperatingExpense": 6785,
        "totalOtherIncomeExpenseNet": -71
      },
      {
        "costOfGoodsSold": 7458,
        "depreciationAmortization": 607,
        "dilutedAverageSharesOutstanding": 652,
        "dilutedEPS": 0.37,
        "ebit": 569,
        "grossIncome": 6582,
        "interestIncomeExpense": -219,
        "netIncome": 240,
        "netIncomeAfterTaxes": 240,
        "nonRecurringItems": 0,
        "otherOperatingExpensesTotal": 647,
        "period": "2025-03-31",
        "pretaxIncome": 320,
        "provisionforIncomeTaxes": 80,
        "revenue": 14040,
        "sgaExpense": 4759,
        "totalOperatingExpense": 6013,
        "totalOtherIncomeExpenseNet": -30
      },
      {
        "costOfGoodsSold": 7448,
        "depreciationAmortization": 635,
        "dilutedAverageSharesOutstanding": 651,
        "dilutedEPS": 1.29,
        "ebit": 1717,
        "grossIncome": 8111,
        "interestIncomeExpense": -426,
        "netIncome": 843,
        "netIncomeAfterTaxes": 843,
        "nonRecurringItems": -3,
        "otherOperatingExpensesTotal": 588,
        "period": "2024-12-31",
        "pretaxIncome": 1202,
        "provisionforIncomeTaxes": 359,
        "revenue": 15559,
        "sgaExpense": 5171,
        "totalOperatingExpense": 6394,
        "totalOtherIncomeExpenseNet": -86
      },
      {
        "costOfGoodsSold": 7725,
        "depreciationAmortization": 643,
        "dilutedAverageSharesOutstanding": 647,
        "dilutedEPS": 1.97,
        "ebit": 1397,
        "grossIncome": 7952,
        "interestIncomeExpense": 177,
        "netIncome": 1272,
        "netIncomeAfterTaxes": 1272,
        "nonRecurringItems": 0,
        "otherOperatingExpensesTotal": 718,
        "period": "2024-09-30",
        "pretaxIncome": 1561,
        "provisionforIncomeTaxes": 289,
        "revenue": 15677,
        "sgaExpense": 5194,
        "totalOperatingExpense": 6555,
        "totalOtherIncomeExpenseNet": -13
      },
      {
        "costOfGoodsSold": 7948,
        "depreciationAmortization": 620,
        "dilutedAverageSharesOutstanding": 648,
        "dilutedEPS": 2.01,
        "ebit": 2267,
        "grossIncome": 8710,
        "interestIncomeExpense": -384,
        "netIncome": 1305,
        "netIncomeAfterTaxes": 1305,
        "nonRecurringItems": -32,
        "otherOperatingExpensesTotal": 620,
        "period": "2024-06-30",
        "pretaxIncome": 1773,
        "provisionforIncomeTaxes": 468,
        "revenue": 16658,
        "sgaExpense": 5203,
        "totalOperatingExpense": 6443,
        "totalOtherIncomeExpenseNet": -78
      },
      {
        "costOfGoodsSold": 7518,
        "depreciationAmortization": 615,
        "dilutedAverageSharesOutstanding": 645,
        "dilutedEPS": 0.06,
        "ebit": 614,
        "grossIncome": 6230,
        "interestIncomeExpense": -432,
        "netIncome": 37,
        "netIncomeAfterTaxes": 37,
        "nonRecurringItems": -4,
        "otherOperatingExpensesTotal": 535,
        "period": "2024-03-31",
        "pretaxIncome": 122,
        "provisionforIncomeTaxes": 85,
        "revenue": 13748,
        "sgaExpense": 4466,
        "totalOperatingExpense": 5616,
        "totalOtherIncomeExpenseNet": -56
      },
      {
        "costOfGoodsSold": 7089,
        "depreciationAmortization": 610,
        "dilutedAverageSharesOutstanding": 643,
        "dilutedEPS": 3.17,
        "ebit": 1322,
        "grossIncome": 7134,
        "interestIncomeExpense": 1011,
        "netIncome": 2037,
        "netIncomeAfterTaxes": 2037,
        "nonRecurringItems": 0,
        "otherOperatingExpensesTotal": 570,
        "period": "2023-12-31",
        "pretaxIncome": 2275,
        "provisionforIncomeTaxes": 238,
        "revenue": 14223,
        "sgaExpense": 4632,
        "totalOperatingExpense": 5812,
        "totalOtherIncomeExpenseNet": -58
      },
      {
        "costOfGoodsSold": 7534,
        "depreciationAmortization": 594,
        "dilutedAverageSharesOutstanding": 644,
        "dilutedEPS": 1.72,
        "ebit": 1984,
        "grossIncome": 7954,
        "interestIncomeExpense": -402,
        "netIncome": 1108,
        "netIncomeAfterTaxes": 1108,
        "nonRecurringItems": -13,
        "otherOperatingExpensesTotal": 581,
        "period": "2023-09-30",
        "pretaxIncome": 1521,
        "provisionforIncomeTaxes": 413,
        "revenue": 15488,
        "sgaExpense": 4795,
        "totalOperatingExpense": 5970,
        "totalOtherIncomeExpenseNet": -48
      },
      {
        "costOfGoodsSold": 7047,
        "depreciationAmortization": 573,
        "dilutedAverageSharesOutstanding": 642,
        "dilutedEPS": 2.85,
        "ebit": 2491,
        "grossIncome": 8531,
        "interestIncomeExpense": -75,
        "netIncome": 1827,
        "netIncomeAfterTaxes": 1827,
        "nonRecurringItems": -29,
        "otherOperatingExpensesTotal": 529,
        "period": "2023-06-30",
        "pretaxIncome": 2317,
        "provisionforIncomeTaxes": 490,
        "revenue": 15578,
        "sgaExpense": 4938,
        "totalOperatingExpense": 6040,
        "totalOtherIncomeExpenseNet": -70
      },
      {
        "costOfGoodsSold": 7087,
        "depreciationAmortization": 564,
        "dilutedAverageSharesOutstanding": 639,
        "dilutedEPS": -0.57,
        "ebit": 587,
        "grossIncome": 5672,
        "interestIncomeExpense": -105,
        "netIncome": -363,
        "netIncomeAfterTaxes": -363,
        "nonRecurringItems": -886,
        "otherOperatingExpensesTotal": 563,
        "period": "2023-03-31",
        "pretaxIncome": -506,
        "provisionforIncomeTaxes": -143,
        "revenue": 12759,
        "sgaExpense": 3958,
        "totalOperatingExpense": 5085,
        "totalOtherIncomeExpenseNet": -102
      },
      {
        "costOfGoodsSold": 7189,
        "depreciationAmortization": 553,
        "dilutedAverageSharesOutstanding": 641,
        "dilutedEPS": 1.29,
        "ebit": 1346,
        "grossIncome": 6246,
        "interestIncomeExpense": -420,
        "netIncome": 829,
        "netIncomeAfterTaxes": 829,
        "nonRecurringItems": 124,
        "otherOperatingExpensesTotal": 499,
        "period": "2022-12-31",
        "pretaxIncome": 1120,
        "provisionforIncomeTaxes": 291,
        "revenue": 13435,
        "sgaExpense": 3848,
        "totalOperatingExpense": 4900,
        "totalOtherIncomeExpenseNet": 70
      },
      {
        "costOfGoodsSold": 7662,
        "depreciationAmortization": 538,
        "dilutedAverageSharesOutstanding": 641,
        "dilutedEPS": 1.08,
        "ebit": 1456,
        "grossIncome": 6313,
        "interestIncomeExpense": -489,
        "netIncome": 695,
        "netIncomeAfterTaxes": 695,
        "nonRecurringItems": -34,
        "otherOperatingExpensesTotal": 486,
        "period": "2022-09-30",
        "pretaxIncome": 962,
        "provisionforIncomeTaxes": 267,
        "revenue": 13975,
        "sgaExpense": 3833,
        "totalOperatingExpense": 4857,
        "totalOtherIncomeExpenseNet": 29
      },
      {
        "costOfGoodsSold": 7824,
        "depreciationAmortization": 510,
        "dilutedAverageSharesOutstanding": 641,
        "dilutedEPS": 1.15,
        "ebit": 1519,
        "grossIncome": 6000,
        "interestIncomeExpense": -502,
        "netIncome": 735,
        "netIncomeAfterTaxes": 735,
        "nonRecurringItems": -41,
        "otherOperatingExpensesTotal": 436,
        "period": "2022-06-30",
        "pretaxIncome": 1033,
        "provisionforIncomeTaxes": 298,
        "revenue": 13824,
        "sgaExpense": 3535,
        "totalOperatingExpense": 4481,
        "totalOtherIncomeExpenseNet": 57
      },
      {
        "costOfGoodsSold": 6084,
        "depreciationAmortization": 506,
        "dilutedAverageSharesOutstanding": 637,
        "dilutedEPS": -1.48,
        "ebit": -788,
        "grossIncome": 3264,
        "interestIncomeExpense": -421,
        "netIncome": -940,
        "netIncomeAfterTaxes": -940,
        "nonRecurringItems": -20,
        "otherOperatingExpensesTotal": 408,
        "period": "2022-03-31",
        "pretaxIncome": -1200,
        "provisionforIncomeTaxes": -260,
        "revenue": 9348,
        "sgaExpense": 3138,
        "totalOperatingExpense": 4052,
        "totalOtherIncomeExpenseNet": 29
      },
      {
        "costOfGoodsSold": 5267,
        "depreciationAmortization": 504,
        "dilutedAverageSharesOutstanding": 636,
        "dilutedEPS": -0.64,
        "ebit": 247,
        "grossIncome": 4203,
        "interestIncomeExpense": -695,
        "netIncome": -408,
        "netIncomeAfterTaxes": -408,
        "nonRecurringItems": -37,
        "otherOperatingExpensesTotal": 399,
        "period": "2021-12-31",
        "pretaxIncome": -395,
        "provisionforIncomeTaxes": 13,
        "revenue": 9470,
        "sgaExpense": 3053,
        "totalOperatingExpense": 3956,
        "totalOtherIncomeExpenseNet": 90
      },
      {
        "costOfGoodsSold": 5006,
        "depreciationAmortization": 501,
        "dilutedAverageSharesOutstanding": 641,
        "dilutedEPS": 1.89,
        "ebit": 416,
        "grossIncome": 4148,
        "interestIncomeExpense": -586,
        "netIncome": 1212,
        "netIncomeAfterTaxes": 1212,
        "nonRecurringItems": 1606,
        "otherOperatingExpensesTotal": 357,
        "period": "2021-09-30",
        "pretaxIncome": 1532,
        "provisionforIncomeTaxes": 320,
        "revenue": 9154,
        "sgaExpense": 2874,
        "totalOperatingExpense": 3732,
        "totalOtherIncomeExpenseNet": 96
      },
      {
        "costOfGoodsSold": 4425,
        "depreciationAmortization": 501,
        "dilutedAverageSharesOutstanding": 642,
        "dilutedEPS": 1.02,
        "ebit": -680,
        "grossIncome": 2701,
        "interestIncomeExpense": -127,
        "netIncome": 652,
        "netIncomeAfterTaxes": 652,
        "nonRecurringItems": 1470,
        "otherOperatingExpensesTotal": 330,
        "period": "2021-06-30",
        "pretaxIncome": 776,
        "provisionforIncomeTaxes": 124,
        "revenue": 7126,
        "sgaExpense": 2550,
        "totalOperatingExpense": 3381,
        "totalOtherIncomeExpenseNet": 113
      },
      {
        "costOfGoodsSold": 3652,
        "depreciationAmortization": 492,
        "dilutedAverageSharesOutstanding": 636,
        "dilutedEPS": -1.85,
        "ebit": -2628,
        "grossIncome": 498,
        "interestIncomeExpense": -153,
        "netIncome": -1177,
        "netIncomeAfterTaxes": -1177,
        "nonRecurringItems": 1174,
        "otherOperatingExpensesTotal": 322,
        "period": "2021-03-31",
        "pretaxIncome": -1515,
        "provisionforIncomeTaxes": -338,
        "revenue": 4150,
        "sgaExpense": 2312,
        "totalOperatingExpense": 3126,
        "totalOtherIncomeExpenseNet": 92
      },
      {
        "costOfGoodsSold": 3019,
        "depreciationAmortization": 499,
        "dilutedAverageSharesOutstanding": 636,
        "dilutedEPS": -1.19,
        "ebit": -1788,
        "grossIncome": 954,
        "interestIncomeExpense": -271,
        "netIncome": -755,
        "netIncomeAfterTaxes": -755,
        "nonRecurringItems": 930,
        "otherOperatingExpensesTotal": 219,
        "period": "2020-12-31",
        "pretaxIncome": -1108,
        "provisionforIncomeTaxes": -353,
        "revenue": 3973,
        "sgaExpense": 2024,
        "totalOperatingExpense": 2742,
        "totalOtherIncomeExpenseNet": 21
      },
      {
        "costOfGoodsSold": 2585,
        "depreciationAmortization": 545,
        "dilutedAverageSharesOutstanding": 635,
        "dilutedEPS": -8.47,
        "ebit": -2356,
        "grossIncome": 477,
        "interestIncomeExpense": -500,
        "netIncome": -5379,
        "netIncomeAfterTaxes": -5379,
        "nonRecurringItems": -4030,
        "otherOperatingExpensesTotal": 238,
        "period": "2020-09-30",
        "pretaxIncome": -6859,
        "provisionforIncomeTaxes": -1480,
        "revenue": 3062,
        "sgaExpense": 2050,
        "totalOperatingExpense": 2833,
        "totalOtherIncomeExpenseNet": 27
      },
      {
        "costOfGoodsSold": 2123,
        "depreciationAmortization": 591,
        "dilutedAverageSharesOutstanding": 635,
        "dilutedEPS": -9,
        "ebit": -3573,
        "grossIncome": -655,
        "interestIncomeExpense": -2312,
        "netIncome": -5717,
        "netIncomeAfterTaxes": -5717,
        "nonRecurringItems": -1174,
        "otherOperatingExpensesTotal": 196,
        "period": "2020-06-30",
        "pretaxIncome": -7014,
        "provisionforIncomeTaxes": -1297,
        "revenue": 1468,
        "sgaExpense": 2131,
        "totalOperatingExpense": 2918,
        "totalOtherIncomeExpenseNet": 45
      },
      {
        "costOfGoodsSold": 4900,
        "depreciationAmortization": 678,
        "dilutedAverageSharesOutstanding": 637,
        "dilutedEPS": -0.84,
        "ebit": -626,
        "grossIncome": 3692,
        "interestIncomeExpense": 25,
        "netIncome": -534,
        "netIncomeAfterTaxes": -534,
        "otherOperatingExpensesTotal": 511,
        "period": "2020-03-31",
        "pretaxIncome": -607,
        "provisionforIncomeTaxes": -73,
        "revenue": 8592,
        "sgaExpense": 3129,
        "totalOperatingExpense": 4318,
        "totalOtherIncomeExpenseNet": -6
      },
      {
        "costOfGoodsSold": 5104,
        "depreciationAmortization": 621,
        "dilutedAverageSharesOutstanding": 644,
        "dilutedEPS": 1.7,
        "ebit": 1435,
        "grossIncome": 6335,
        "interestIncomeExpense": 27,
        "netIncome": 1098,
        "netIncomeAfterTaxes": 1098,
        "otherOperatingExpensesTotal": 454,
        "period": "2019-12-31",
        "pretaxIncome": 1398,
        "provisionforIncomeTaxes": 300,
        "revenue": 11439,
        "sgaExpense": 3825,
        "totalOperatingExpense": 4900,
        "totalOtherIncomeExpenseNet": -64
      },
      {
        "costOfGoodsSold": 5473,
        "depreciationAmortization": 631,
        "dilutedAverageSharesOutstanding": 648,
        "dilutedEPS": 2.31,
        "ebit": 2040,
        "grossIncome": 7087,
        "interestIncomeExpense": -74,
        "netIncome": 1495,
        "netIncomeAfterTaxes": 1495,
        "otherOperatingExpensesTotal": 476,
        "period": "2019-09-30",
        "pretaxIncome": 1947,
        "provisionforIncomeTaxes": 452,
        "revenue": 12560,
        "sgaExpense": 3940,
        "totalOperatingExpense": 5047,
        "totalOtherIncomeExpenseNet": -19
      },
      {
        "costOfGoodsSold": 5493,
        "depreciationAmortization": 713,
        "dilutedAverageSharesOutstanding": 652,
        "dilutedEPS": 2.21,
        "ebit": 2109,
        "grossIncome": 7043,
        "interestIncomeExpense": -138,
        "netIncome": 1443,
        "netIncomeAfterTaxes": 1443,
        "otherOperatingExpensesTotal": 413,
        "period": "2019-06-30",
        "pretaxIncome": 1907,
        "provisionforIncomeTaxes": 464,
        "revenue": 12536,
        "sgaExpense": 3808,
        "totalOperatingExpense": 4934,
        "totalOtherIncomeExpenseNet": -64
      },
      {
        "costOfGoodsSold": 5068,
        "depreciationAmortization": 615,
        "dilutedAverageSharesOutstanding": 667,
        "dilutedEPS": 1.09,
        "ebit": 1074,
        "grossIncome": 5404,
        "interestIncomeExpense": -37,
        "netIncome": 730,
        "netIncomeAfterTaxes": 730,
        "otherOperatingExpensesTotal": 429,
        "period": "2019-03-31",
        "pretaxIncome": 946,
        "provisionforIncomeTaxes": 216,
        "revenue": 10472,
        "sgaExpense": 3286,
        "totalOperatingExpense": 4330,
        "totalOtherIncomeExpenseNet": -91
      },
      {
        "costOfGoodsSold": 5284,
        "depreciationAmortization": 570,
        "dilutedAverageSharesOutstanding": 685,
        "dilutedEPS": 1.49,
        "ebit": 953,
        "grossIncome": 5458,
        "interestIncomeExpense": 256,
        "netIncome": 1019,
        "netIncomeAfterTaxes": 1019,
        "otherOperatingExpensesTotal": 418,
        "period": "2018-12-31",
        "pretaxIncome": 1345,
        "provisionforIncomeTaxes": 326,
        "revenue": 10742,
        "sgaExpense": 3517,
        "totalOperatingExpense": 4505,
        "totalOtherIncomeExpenseNet": 136
      },
      {
        "costOfGoodsSold": 5600,
        "depreciationAmortization": 573,
        "dilutedAverageSharesOutstanding": 688,
        "dilutedEPS": 1.92,
        "ebit": 1638,
        "grossIncome": 6353,
        "interestIncomeExpense": -16,
        "netIncome": 1322,
        "netIncomeAfterTaxes": 1322,
        "otherOperatingExpensesTotal": 455,
        "period": "2018-09-30",
        "pretaxIncome": 1688,
        "provisionforIncomeTaxes": 366,
        "revenue": 11953,
        "sgaExpense": 3687,
        "totalOperatingExpense": 4715,
        "totalOtherIncomeExpenseNet": 66
      },
      {
        "costOfGoodsSold": 5581,
        "depreciationAmortization": 583,
        "dilutedAverageSharesOutstanding": 697,
        "dilutedEPS": 1.49,
        "ebit": 1590,
        "grossIncome": 6194,
        "interestIncomeExpense": -223,
        "netIncome": 1036,
        "netIncomeAfterTaxes": 1036,
        "otherOperatingExpensesTotal": 438,
        "period": "2018-06-30",
        "pretaxIncome": 1386,
        "provisionforIncomeTaxes": 350,
        "revenue": 11775,
        "sgaExpense": 3583,
        "totalOperatingExpense": 4604,
        "totalOtherIncomeExpenseNet": 19
      },
      {
        "costOfGoodsSold": 4914,
        "depreciationAmortization": 603,
        "dilutedAverageSharesOutstanding": 706,
        "dilutedEPS": 0.79,
        "ebit": 842,
        "grossIncome": 5054,
        "interestIncomeExpense": -72,
        "netIncome": 557,
        "netIncomeAfterTaxes": 557,
        "otherOperatingExpensesTotal": 410,
        "period": "2018-03-31",
        "pretaxIncome": 732,
        "provisionforIncomeTaxes": 175,
        "revenue": 9968,
        "sgaExpense": 3199,
        "totalOperatingExpense": 4212,
        "totalOtherIncomeExpenseNet": -38
      },
      {
        "costOfGoodsSold": 4385,
        "depreciationAmortization": 583,
        "dilutedAverageSharesOutstanding": 711,
        "dilutedEPS": 0.41,
        "ebit": 1630,
        "grossIncome": 5843,
        "interestIncomeExpense": -568,
        "netIncome": 298,
        "netIncomeAfterTaxes": 692,
        "otherOperatingExpensesTotal": 379,
        "period": "2017-12-31",
        "pretaxIncome": 1043,
        "provisionforIncomeTaxes": 351,
        "revenue": 10228,
        "sgaExpense": 3251,
        "totalOperatingExpense": 4213,
        "totalOtherIncomeExpenseNet": -19
      },
      {
        "costOfGoodsSold": 4878,
        "depreciationAmortization": 571,
        "dilutedAverageSharesOutstanding": 719,
        "dilutedEPS": 1.61,
        "ebit": 1749,
        "grossIncome": 6183,
        "interestIncomeExpense": -26,
        "netIncome": 1159,
        "netIncomeAfterTaxes": 1159,
        "otherOperatingExpensesTotal": 431,
        "period": "2017-09-30",
        "pretaxIncome": 1776,
        "provisionforIncomeTaxes": 617,
        "revenue": 11061,
        "sgaExpense": 3432,
        "totalOperatingExpense": 4434,
        "totalOtherIncomeExpenseNet": 53
      },
      {
        "costOfGoodsSold": 4533,
        "depreciationAmortization": 531,
        "dilutedAverageSharesOutstanding": 731,
        "dilutedEPS": 1.62,
        "ebit": 1930,
        "grossIncome": 6214,
        "interestIncomeExpense": -51,
        "netIncome": 1186,
        "netIncomeAfterTaxes": 1186,
        "otherOperatingExpensesTotal": 427,
        "period": "2017-06-30",
        "pretaxIncome": 1831,
        "provisionforIncomeTaxes": 645,
        "revenue": 10747,
        "sgaExpense": 3326,
        "totalOperatingExpense": 4284,
        "totalOtherIncomeExpenseNet": -48
      },
      {
        "costOfGoodsSold": 4338,
        "depreciationAmortization": 537,
        "dilutedAverageSharesOutstanding": 731,
        "dilutedEPS": 0.77,
        "ebit": 915,
        "grossIncome": 4763,
        "interestIncomeExpense": -10,
        "netIncome": 561,
        "netIncomeAfterTaxes": 561,
        "otherOperatingExpensesTotal": 370,
        "period": "2017-03-31",
        "pretaxIncome": 849,
        "provisionforIncomeTaxes": 288,
        "revenue": 9101,
        "sgaExpense": 2941,
        "totalOperatingExpense": 3848,
        "totalOtherIncomeExpenseNet": -56
      },
      {
        "costOfGoodsSold": 4740,
        "depreciationAmortization": 456,
        "dilutedAverageSharesOutstanding": 734,
        "dilutedEPS": 0.6,
        "ebit": 1075,
        "grossIncome": 4529,
        "interestIncomeExpense": -104,
        "netIncome": 444,
        "netIncomeAfterTaxes": 444,
        "otherOperatingExpensesTotal": 116,
        "period": "2016-12-31",
        "pretaxIncome": 669,
        "provisionforIncomeTaxes": 225,
        "revenue": 9269,
        "sgaExpense": 2882,
        "totalOperatingExpense": 3454,
        "totalOtherIncomeExpenseNet": -302
      },
      {
        "costOfGoodsSold": 4281,
        "depreciationAmortization": 474,
        "dilutedAverageSharesOutstanding": 744,
        "dilutedEPS": 1.69,
        "ebit": 1946,
        "grossIncome": 6202,
        "interestIncomeExpense": -72,
        "netIncome": 1259,
        "netIncomeAfterTaxes": 1259,
        "otherOperatingExpensesTotal": 527,
        "period": "2016-09-30",
        "pretaxIncome": 1900,
        "provisionforIncomeTaxes": 641,
        "revenue": 10483,
        "sgaExpense": 3255,
        "totalOperatingExpense": 4256,
        "totalOtherIncomeExpenseNet": 26
      },
      {
        "costOfGoodsSold": 3300,
        "depreciationAmortization": 470,
        "dilutedAverageSharesOutstanding": 763,
        "dilutedEPS": 2.03,
        "ebit": 3040,
        "grossIncome": 7147,
        "interestIncomeExpense": -710,
        "netIncome": 1546,
        "netIncomeAfterTaxes": 1546,
        "otherOperatingExpensesTotal": 485,
        "period": "2016-06-30",
        "pretaxIncome": 2350,
        "provisionforIncomeTaxes": 804,
        "revenue": 10447,
        "sgaExpense": 3152,
        "totalOperatingExpense": 4107,
        "totalOtherIncomeExpenseNet": 20
      },
      {
        "costOfGoodsSold": 3916,
        "depreciationAmortization": 486,
        "dilutedAverageSharesOutstanding": 780,
        "dilutedEPS": 1.21,
        "ebit": 1385,
        "grossIncome": 5335,
        "interestIncomeExpense": 48,
        "netIncome": 946,
        "netIncomeAfterTaxes": 946,
        "otherOperatingExpensesTotal": 493,
        "period": "2016-03-31",
        "pretaxIncome": 1434,
        "provisionforIncomeTaxes": 488,
        "revenue": 9251,
        "sgaExpense": 2971,
        "totalOperatingExpense": 3950,
        "totalOtherIncomeExpenseNet": 1
      },
      {
        "costOfGoodsSold": 3855,
        "depreciationAmortization": 451,
        "dilutedAverageSharesOutstanding": 783,
        "dilutedEPS": 1.25,
        "ebit": 1808,
        "grossIncome": 5647,
        "interestExpense": 102,
        "interestIncomeExpense": -193,
        "netIncome": 980,
        "netIncomeAfterTaxes": 980,
        "nonRecurringItems": 0,
        "otherOperatingExpensesTotal": 393,
        "period": "2015-12-31",
        "pretaxIncome": 1533,
        "provisionforIncomeTaxes": 553,
        "revenue": 9502,
        "sgaExpense": 2995,
        "totalOperatingExpense": 3839,
        "totalOtherIncomeExpenseNet": -82
      },
      {
        "costOfGoodsSold": 4660,
        "depreciationAmortization": 466,
        "dilutedAverageSharesOutstanding": 795,
        "dilutedEPS": 1.65,
        "ebit": 2114,
        "grossIncome": 6447,
        "interestExpense": 121,
        "interestIncomeExpense": -22,
        "netIncome": 1315,
        "netIncomeAfterTaxes": 1315,
        "nonRecurringItems": 0,
        "otherOperatingExpensesTotal": 565,
        "period": "2015-09-30",
        "pretaxIncome": 2072,
        "provisionforIncomeTaxes": 757,
        "revenue": 11107,
        "sgaExpense": 3302,
        "totalOperatingExpense": 4333,
        "totalOtherIncomeExpenseNet": -20
      }
    ],
    "symbol": "DAL"
  }
}