{
  "symbol": "HOLX",
  "statement": "ic",
  "frequency": "quarterly",
  "timestamp": "2025-09-19T14:01:32.553155",
  "data": {
    "financials": [
      {
        "costOfGoodsSold": 447.2,
        "depreciationAmortization": 3,
        "dilutedAverageSharesOutstanding": 225.462,
        "dilutedEPS": 0.8645,
        "ebit": 271.6,
        "grossIncome": 576.6,
        "interestExpense": 28.9,
        "interestIncomeExpense": -25.6,
        "netIncome": 194.9,
        "netIncomeAfterTaxes": 194.9,
        "nonRecurringItems": -17,
        "otherOperatingExpensesTotal": 0,
        "period": "2025-06-28",
        "pretaxIncome": 235,
        "provisionforIncomeTaxes": 40.1,
        "researchDevelopment": 59.2,
        "revenue": 1023.8,
        "sgaExpense": 242.8,
        "totalOperatingExpense": 305,
        "totalOtherIncomeExpenseNet": 6
      },
      {
        "costOfGoodsSold": 444.6,
        "depreciationAmortization": 3.8,
        "dilutedAverageSharesOutstanding": 225.774,
        "dilutedEPS": -0.0771,
        "ebit": 231.1,
        "grossIncome": 560.7,
        "interestExpense": 29.1,
        "interestIncomeExpense": -19.7,
        "netIncome": -17.4,
        "netIncomeAfterTaxes": -17.4,
        "nonRecurringItems": -238.1,
        "otherOperatingExpensesTotal": 0,
        "period": "2025-03-29",
        "pretaxIncome": -28.5,
        "provisionforIncomeTaxes": -11.1,
        "researchDevelopment": 59.4,
        "revenue": 1005.3,
        "sgaExpense": 266.4,
        "totalOperatingExpense": 329.6,
        "totalOtherIncomeExpenseNet": -1.8
      },
      {
        "costOfGoodsSold": 441.3,
        "depreciationAmortization": 4.7,
        "dilutedAverageSharesOutstanding": 232.107,
        "dilutedEPS": 0.866,
        "ebit": 252.4,
        "grossIncome": 580.5,
        "interestExpense": 30.5,
        "interestIncomeExpense": 17.8,
        "netIncome": 201,
        "netIncomeAfterTaxes": 201,
        "nonRecurringItems": -22.6,
        "otherOperatingExpensesTotal": 0,
        "period": "2024-12-28",
        "pretaxIncome": 247.5,
        "provisionforIncomeTaxes": 46.5,
        "researchDevelopment": 58.4,
        "revenue": 1021.8,
        "sgaExpense": 265,
        "totalOperatingExpense": 328.1,
        "totalOtherIncomeExpenseNet": -0.1
      },
      {
        "costOfGoodsSold": 430.3,
        "depreciationAmortization": 4.9,
        "dilutedAverageSharesOutstanding": 235.969,
        "dilutedEPS": 0.7569,
        "ebit": 236.3,
        "grossIncome": 557.7,
        "interestExpense": 31.9,
        "interestIncomeExpense": -3.5,
        "netIncome": 178.6,
        "netIncomeAfterTaxes": 178.6,
        "nonRecurringItems": -6.3,
        "otherOperatingExpensesTotal": 0,
        "period": "2024-09-28",
        "pretaxIncome": 221.6,
        "provisionforIncomeTaxes": 43,
        "researchDevelopment": 67.3,
        "revenue": 988,
        "sgaExpense": 249.2,
        "totalOperatingExpense": 321.4,
        "totalOtherIncomeExpenseNet": -4.9
      },
      {
        "costOfGoodsSold": 437.8,
        "depreciationAmortization": 5.3,
        "dilutedAverageSharesOutstanding": 236.466,
        "dilutedEPS": 0.8225,
        "ebit": 263.9,
        "grossIncome": 573.6,
        "interestExpense": 31.9,
        "interestIncomeExpense": -3.5,
        "netIncome": 194.5,
        "netIncomeAfterTaxes": 194.5,
        "nonRecurringItems": -19.9,
        "otherOperatingExpensesTotal": 0,
        "period": "2024-06-29",
        "pretaxIncome": 240.7,
        "provisionforIncomeTaxes": 46.2,
        "researchDevelopment": 64.1,
        "revenue": 1011.4,
        "sgaExpense": 240.3,
        "totalOperatingExpense": 309.7,
        "totalOtherIncomeExpenseNet": 0.2
      },
      {
        "costOfGoodsSold": 449.6,
        "depreciationAmortization": 5.7,
        "dilutedAverageSharesOutstanding": 237.562,
        "dilutedEPS": 0.7152,
        "ebit": 243.3,
        "grossIncome": 568.2,
        "interestExpense": 32.3,
        "interestIncomeExpense": -8.3,
        "netIncome": 169.9,
        "netIncomeAfterTaxes": 169.9,
        "nonRecurringItems": -32.9,
        "otherOperatingExpensesTotal": 0,
        "period": "2024-03-30",
        "pretaxIncome": 211.5,
        "provisionforIncomeTaxes": 41.6,
        "researchDevelopment": 74.6,
        "revenue": 1017.8,
        "sgaExpense": 244.6,
        "totalOperatingExpense": 324.9,
        "totalOtherIncomeExpenseNet": 9.4
      },
      {
        "costOfGoodsSold": 445.6,
        "depreciationAmortization": 13.3,
        "dilutedAverageSharesOutstanding": 240.214,
        "dilutedEPS": 1.0262,
        "ebit": 226.7,
        "grossIncome": 567.5,
        "interestExpense": 26,
        "interestIncomeExpense": 0.2,
        "netIncome": 246.5,
        "netIncomeAfterTaxes": 246.5,
        "nonRecurringItems": -26.8,
        "period": "2023-12-30",
        "pretaxIncome": 191.3,
        "provisionforIncomeTaxes": -55.2,
        "researchDevelopment": 66.8,
        "revenue": 1013.1,
        "sgaExpense": 260.7,
        "totalOperatingExpense": 340.8,
        "totalOtherIncomeExpenseNet": -8.8
      },
      {
        "costOfGoodsSold": 445,
        "depreciationAmortization": 6.2,
        "dilutedAverageSharesOutstanding": 247.145,
        "dilutedEPS": 0.3666,
        "ebit": 188.8,
        "grossIncome": 500.3,
        "interestExpense": 28.1,
        "interestIncomeExpense": 10.3,
        "minorityInterest": 0,
        "netIncome": 90.6,
        "netIncomeAfterTaxes": 90.6,
        "nonRecurringItems": -58.8,
        "period": "2023-09-30",
        "pretaxIncome": 145.6,
        "provisionforIncomeTaxes": 55,
        "researchDevelopment": 72.9,
        "revenue": 945.3,
        "sgaExpense": 232.4,
        "totalOperatingExpense": 311.5,
        "totalOtherIncomeExpenseNet": 5.3
      },
      {
        "costOfGoodsSold": 437.4,
        "depreciationAmortization": 7.1,
        "dilutedAverageSharesOutstanding": 246.9,
        "dilutedEPS": -0.16,
        "ebit": 227.3,
        "grossIncome": 547,
        "interestExpense": 27.7,
        "interestIncomeExpense": 4.8,
        "netIncome": -40.5,
        "netIncomeAfterTaxes": -40.5,
        "nonRecurringItems": -225.9,
        "period": "2023-07-01",
        "pretaxIncome": 12.1,
        "provisionforIncomeTaxes": 52.6,
        "researchDevelopment": 72.6,
        "revenue": 984.4,
        "sgaExpense": 240,
        "totalOperatingExpense": 319.7,
        "totalOtherIncomeExpenseNet": 5.9
      },
      {
        "costOfGoodsSold": 440.7,
        "depreciationAmortization": 7.1,
        "dilutedAverageSharesOutstanding": 249.8,
        "dilutedEPS": 0.87,
        "ebit": 261.5,
        "grossIncome": 585.8,
        "interestExpense": 27.2,
        "interestIncomeExpense": 16.7,
        "netIncome": 218.5,
        "netIncomeAfterTaxes": 218.5,
        "nonRecurringItems": -1.8,
        "period": "2023-04-01",
        "pretaxIncome": 279.3,
        "provisionforIncomeTaxes": 60.8,
        "researchDevelopment": 74,
        "revenue": 1026.5,
        "sgaExpense": 243.2,
        "totalOperatingExpense": 324.3,
        "totalOtherIncomeExpenseNet": 2.9
      },
      {
        "costOfGoodsSold": 456.3,
        "depreciationAmortization": 7.6,
        "dilutedAverageSharesOutstanding": 249.3,
        "dilutedEPS": 0.75,
        "ebit": 263.5,
        "grossIncome": 617.9,
        "interestExpense": 28.1,
        "interestIncomeExpense": -7.5,
        "netIncome": 187.4,
        "netIncomeAfterTaxes": 187.4,
        "nonRecurringItems": -1.1,
        "period": "2022-12-31",
        "pretaxIncome": 239.1,
        "provisionforIncomeTaxes": 51.7,
        "researchDevelopment": 74.8,
        "revenue": 1074.2,
        "sgaExpense": 272,
        "totalOperatingExpense": 354.4,
        "totalOtherIncomeExpenseNet": -15.8
      },
      {
        "costOfGoodsSold": 430.3,
        "depreciationAmortization": 12,
        "dilutedAverageSharesOutstanding": 252.6,
        "dilutedEPS": 0.47,
        "ebit": 178.4,
        "grossIncome": 522.9,
        "interestExpense": 24.1,
        "interestIncomeExpense": -14.8,
        "minorityInterest": 0,
        "netIncome": 118.7,
        "netIncomeAfterTaxes": 118.7,
        "nonRecurringItems": -37.5,
        "period": "2022-09-24",
        "pretaxIncome": 143.4,
        "provisionforIncomeTaxes": 24.7,
        "researchDevelopment": 76,
        "revenue": 953.2,
        "sgaExpense": 256.5,
        "totalOperatingExpense": 344.5,
        "totalOtherIncomeExpenseNet": 17.3
      },
      {
        "costOfGoodsSold": 443.7,
        "depreciationAmortization": 11.2,
        "dilutedAverageSharesOutstanding": 253.1,
        "dilutedEPS": 0.9,
        "ebit": 238.5,
        "grossIncome": 559,
        "interestExpense": 22.7,
        "interestIncomeExpense": 15.1,
        "minorityInterest": 0,
        "netIncome": 228.4,
        "netIncomeAfterTaxes": 228.4,
        "nonRecurringItems": -10,
        "period": "2022-06-25",
        "pretaxIncome": 248.4,
        "provisionforIncomeTaxes": 20,
        "researchDevelopment": 65.1,
        "revenue": 1002.7,
        "sgaExpense": 244.2,
        "totalOperatingExpense": 320.5,
        "totalOtherIncomeExpenseNet": 4.8
      },
      {
        "costOfGoodsSold": 489.1,
        "depreciationAmortization": 11.3,
        "dilutedAverageSharesOutstanding": 253.7,
        "dilutedEPS": 1.8,
        "ebit": 593.9,
        "grossIncome": 946.6,
        "interestExpense": 22.6,
        "interestIncomeExpense": -21.8,
        "minorityInterest": 0,
        "netIncome": 455.7,
        "netIncomeAfterTaxes": 455.7,
        "nonRecurringItems": 0.2,
        "period": "2022-03-26",
        "pretaxIncome": 574.4,
        "provisionforIncomeTaxes": 118.7,
        "researchDevelopment": 69.5,
        "revenue": 1435.7,
        "sgaExpense": 271.9,
        "totalOperatingExpense": 352.7,
        "totalOtherIncomeExpenseNet": 2.1
      },
      {
        "costOfGoodsSold": 484.8,
        "depreciationAmortization": 10.8,
        "dilutedAverageSharesOutstanding": 256.1,
        "dilutedEPS": 1.95,
        "ebit": 637.4,
        "grossIncome": 986.3,
        "interestExpense": 25.7,
        "interestIncomeExpense": -21.1,
        "minorityInterest": 0,
        "netIncome": 499.2,
        "netIncomeAfterTaxes": 499.2,
        "nonRecurringItems": -0.9,
        "period": "2021-12-25",
        "pretaxIncome": 621.9,
        "provisionforIncomeTaxes": 122.7,
        "researchDevelopment": 72.8,
        "revenue": 1471.1,
        "sgaExpense": 265.3,
        "totalOperatingExpense": 348.9,
        "totalOtherIncomeExpenseNet": 6.5
      },
      {
        "costOfGoodsSold": 488.5,
        "depreciationAmortization": 11.5,
        "dilutedAverageSharesOutstanding": 254.9,
        "dilutedEPS": 1.29,
        "ebit": 445.6,
        "grossIncome": 828.1,
        "interestExpense": 22.7,
        "interestIncomeExpense": -25.8,
        "minorityInterest": 0,
        "netIncome": 328.8,
        "netIncomeAfterTaxes": 328.8,
        "nonRecurringItems": -2.7,
        "period": "2021-09-25",
        "pretaxIncome": 410.6,
        "provisionforIncomeTaxes": 81.8,
        "researchDevelopment": 76.5,
        "revenue": 1316.6,
        "sgaExpense": 294.5,
        "totalOperatingExpense": 382.5,
        "totalOtherIncomeExpenseNet": -6.5
      },
      {
        "costOfGoodsSold": 466.7,
        "depreciationAmortization": 10.4,
        "dilutedAverageSharesOutstanding": 258.6,
        "dilutedEPS": 1.04,
        "ebit": 362.2,
        "grossIncome": 701.6,
        "interestExpense": 21.6,
        "interestIncomeExpense": -21.2,
        "minorityInterest": 0.3,
        "netIncome": 268.4,
        "netIncomeAfterTaxes": 268.1,
        "nonRecurringItems": -3.6,
        "period": "2021-06-26",
        "pretaxIncome": 337.5,
        "provisionforIncomeTaxes": 69.4,
        "researchDevelopment": 69,
        "revenue": 1168.3,
        "sgaExpense": 260,
        "totalOperatingExpense": 339.4,
        "totalOtherIncomeExpenseNet": 0.1
      },
      {
        "costOfGoodsSold": 451.8,
        "depreciationAmortization": 10.2,
        "dilutedAverageSharesOutstanding": 260.7,
        "dilutedEPS": 2.38,
        "ebit": 783.7,
        "grossIncome": 1085.8,
        "interestExpense": 21.3,
        "interestIncomeExpense": -6.3,
        "minorityInterest": 0.5,
        "netIncome": 619.9,
        "netIncomeAfterTaxes": 619.4,
        "nonRecurringItems": -1.6,
        "period": "2021-03-27",
        "pretaxIncome": 780.5,
        "provisionforIncomeTaxes": 161.1,
        "researchDevelopment": 71.5,
        "revenue": 1537.6,
        "sgaExpense": 220.4,
        "totalOperatingExpense": 302.1,
        "totalOtherIncomeExpenseNet": 4.7
      },
      {
        "costOfGoodsSold": 429.4,
        "depreciationAmortization": 10.1,
        "dilutedAverageSharesOutstanding": 261.8,
        "dilutedEPS": 2.5,
        "ebit": 891.5,
        "grossIncome": 1180.4,
        "interestExpense": 28.1,
        "interestIncomeExpense": -32.3,
        "minorityInterest": 1,
        "netIncome": 654.4,
        "netIncomeAfterTaxes": 653.4,
        "nonRecurringItems": -23,
        "period": "2020-12-26",
        "pretaxIncome": 832.4,
        "provisionforIncomeTaxes": 179,
        "researchDevelopment": 59.3,
        "revenue": 1609.8,
        "sgaExpense": 219.5,
        "totalOperatingExpense": 288.9,
        "totalOtherIncomeExpenseNet": -3.8
      },
      {
        "costOfGoodsSold": 415.1,
        "depreciationAmortization": 10.2,
        "dilutedAverageSharesOutstanding": 263.2,
        "dilutedEPS": 1.88,
        "ebit": 643.3,
        "grossIncome": 931.8,
        "interestExpense": 25,
        "interestIncomeExpense": -24.7,
        "minorityInterest": 1.3,
        "netIncome": 494.9,
        "netIncomeAfterTaxes": 493.6,
        "nonRecurringItems": -10.5,
        "period": "2020-09-26",
        "pretaxIncome": 617.1,
        "provisionforIncomeTaxes": 123.5,
        "researchDevelopment": 57,
        "revenue": 1346.9,
        "sgaExpense": 221.3,
        "totalOperatingExpense": 288.5,
        "totalOtherIncomeExpenseNet": 9
      },
      {
        "costOfGoodsSold": 356.8,
        "depreciationAmortization": 10.2,
        "dilutedAverageSharesOutstanding": 261,
        "dilutedEPS": 0.53,
        "ebit": 192,
        "grossIncome": 466.1,
        "interestExpense": 27.4,
        "interestIncomeExpense": -26.9,
        "minorityInterest": 1.5,
        "netIncome": 137.9,
        "netIncomeAfterTaxes": 136.4,
        "nonRecurringItems": -1,
        "period": "2020-06-27",
        "pretaxIncome": 168.4,
        "provisionforIncomeTaxes": 32,
        "researchDevelopment": 55.1,
        "revenue": 822.9,
        "sgaExpense": 208.8,
        "totalOperatingExpense": 274.1,
        "totalOtherIncomeExpenseNet": 4.3
      },
      {
        "costOfGoodsSold": 360.3,
        "depreciationAmortization": 10.1,
        "dilutedAverageSharesOutstanding": 264.5,
        "dilutedEPS": 0.36,
        "ebit": 159.3,
        "grossIncome": 395.8,
        "interestExpense": 31.3,
        "interestIncomeExpense": -26.7,
        "minorityInterest": 1.5,
        "netIncome": 96.3,
        "netIncomeAfterTaxes": 94.8,
        "nonRecurringItems": -2.9,
        "period": "2020-03-28",
        "pretaxIncome": 118.9,
        "provisionforIncomeTaxes": 24.1,
        "researchDevelopment": 49.3,
        "revenue": 756.1,
        "sgaExpense": 177.1,
        "totalOperatingExpense": 236.5,
        "totalOtherIncomeExpenseNet": -10.8
      },
      {
        "costOfGoodsSold": 390.9,
        "depreciationAmortization": 9.1,
        "dilutedAverageSharesOutstanding": 269.7,
        "dilutedEPS": 1.43,
        "ebit": 155.9,
        "grossIncome": 459.6,
        "interestExpense": 32.8,
        "interestIncomeExpense": -33.9,
        "minorityInterest": 0.3,
        "netIncome": 386.1,
        "netIncomeAfterTaxes": 385.8,
        "nonRecurringItems": -31.1,
        "period": "2019-12-28",
        "pretaxIncome": 97.4,
        "provisionforIncomeTaxes": -288.4,
        "researchDevelopment": 61.2,
        "revenue": 850.5,
        "sgaExpense": 233.4,
        "totalOperatingExpense": 303.7,
        "totalOtherIncomeExpenseNet": 6.5
      },
      {
        "costOfGoodsSold": 412.3,
        "depreciationAmortization": 11.9,
        "dilutedAverageSharesOutstanding": 268.9,
        "dilutedEPS": -0.46,
        "ebit": 155.7,
        "grossIncome": 453.6,
        "interestExpense": 34.8,
        "interestIncomeExpense": -30.9,
        "netIncome": -123.5,
        "netIncomeAfterTaxes": -123.5,
        "nonRecurringItems": -242.2,
        "period": "2019-09-28",
        "pretaxIncome": -122.7,
        "provisionforIncomeTaxes": 0.8,
        "researchDevelopment": 60.4,
        "revenue": 865.9,
        "sgaExpense": 225.6,
        "totalOperatingExpense": 297.9,
        "totalOtherIncomeExpenseNet": -5.3
      },
      {
        "costOfGoodsSold": 407.6,
        "depreciationAmortization": 11.9,
        "dilutedAverageSharesOutstanding": 270.8,
        "dilutedEPS": 0.35,
        "ebit": 148,
        "grossIncome": 444.8,
        "interestExpense": 35.1,
        "interestIncomeExpense": -33,
        "netIncome": 93.9,
        "netIncomeAfterTaxes": 93.9,
        "nonRecurringItems": -2.7,
        "period": "2019-06-29",
        "pretaxIncome": 114.3,
        "provisionforIncomeTaxes": 20.4,
        "researchDevelopment": 61.4,
        "revenue": 852.4,
        "sgaExpense": 223.5,
        "totalOperatingExpense": 296.8,
        "totalOtherIncomeExpenseNet": 2
      },
      {
        "costOfGoodsSold": 401.4,
        "depreciationAmortization": 14.1,
        "dilutedAverageSharesOutstanding": 269.2,
        "dilutedEPS": -1.01,
        "ebit": 122.2,
        "grossIncome": 417,
        "interestExpense": 34.8,
        "interestIncomeExpense": -33.6,
        "netIncome": -272.6,
        "netIncomeAfterTaxes": -272.6,
        "nonRecurringItems": -445.4,
        "period": "2019-03-30",
        "pretaxIncome": -353.7,
        "provisionforIncomeTaxes": -81.1,
        "researchDevelopment": 57.3,
        "revenue": 818.4,
        "sgaExpense": 223.4,
        "totalOperatingExpense": 294.8,
        "totalOtherIncomeExpenseNet": 3.1
      },
      {
        "costOfGoodsSold": 396.6,
        "depreciationAmortization": 14.1,
        "dilutedAverageSharesOutstanding": 272.4,
        "dilutedEPS": 0.38,
        "ebit": 142.2,
        "grossIncome": 434.1,
        "interestExpense": 36.1,
        "interestIncomeExpense": -29.7,
        "netIncome": 98.6,
        "netIncomeAfterTaxes": 103.6,
        "nonRecurringItems": -2.5,
        "period": "2018-12-29",
        "pretaxIncome": 104.3,
        "provisionforIncomeTaxes": 0.7,
        "researchDevelopment": 53.2,
        "revenue": 830.7,
        "sgaExpense": 224.6,
        "totalOperatingExpense": 291.9,
        "totalOtherIncomeExpenseNet": -5.7
      },
      {
        "costOfGoodsSold": 392.4,
        "depreciationAmortization": 14.9,
        "dilutedAverageSharesOutstanding": 272.7,
        "dilutedEPS": 0.18,
        "ebit": 101.8,
        "grossIncome": 421,
        "interestExpense": 34.3,
        "interestIncomeExpense": -32.4,
        "netIncome": 50.5,
        "netIncomeAfterTaxes": 58.8,
        "nonRecurringItems": -2.8,
        "period": "2018-09-29",
        "pretaxIncome": 71.3,
        "provisionforIncomeTaxes": 12.5,
        "researchDevelopment": 52.7,
        "revenue": 813.4,
        "sgaExpense": 251.6,
        "totalOperatingExpense": 319.2,
        "totalOtherIncomeExpenseNet": 4.7
      },
      {
        "costOfGoodsSold": 388,
        "depreciationAmortization": 15.3,
        "dilutedAverageSharesOutstanding": 275.6,
        "dilutedEPS": 0.4,
        "ebit": 138.9,
        "grossIncome": 436,
        "interestExpense": 34.5,
        "interestIncomeExpense": -28.6,
        "netIncome": 112.9,
        "netIncomeAfterTaxes": 85.4,
        "nonRecurringItems": -5.8,
        "period": "2018-06-30",
        "pretaxIncome": 105.3,
        "provisionforIncomeTaxes": 19.9,
        "researchDevelopment": 54.4,
        "revenue": 824,
        "sgaExpense": 227.4,
        "totalOperatingExpense": 297.1,
        "totalOtherIncomeExpenseNet": 0.8
      },
      {
        "costOfGoodsSold": 374.2,
        "depreciationAmortization": 14.7,
        "dilutedAverageSharesOutstanding": 277.1,
        "dilutedEPS": -2.45,
        "ebit": 129.3,
        "grossIncome": 415.1,
        "interestExpense": 38.9,
        "interestIncomeExpense": -40.6,
        "netIncome": -681.4,
        "netIncomeAfterTaxes": -679.2,
        "nonRecurringItems": -778.4,
        "period": "2018-03-31",
        "pretaxIncome": -691,
        "provisionforIncomeTaxes": -11.8,
        "researchDevelopment": 56.8,
        "revenue": 789.3,
        "sgaExpense": 214.3,
        "totalOperatingExpense": 285.8,
        "totalOtherIncomeExpenseNet": -1.3
      },
      {
        "costOfGoodsSold": 366.6,
        "depreciationAmortization": 14.4,
        "dilutedAverageSharesOutstanding": 280.8,
        "dilutedEPS": 1.44,
        "ebit": 137.9,
        "grossIncome": 424.5,
        "interestExpense": 41,
        "interestIncomeExpense": -39,
        "netIncome": 406.7,
        "netIncomeAfterTaxes": 77.5,
        "nonRecurringItems": -4.8,
        "period": "2017-12-30",
        "pretaxIncome": 95.8,
        "provisionforIncomeTaxes": 18.3,
        "researchDevelopment": 54.8,
        "revenue": 791.1,
        "sgaExpense": 217.4,
        "totalOperatingExpense": 286.6,
        "totalOtherIncomeExpenseNet": 1.7
      },
      {
        "costOfGoodsSold": 385,
        "depreciationAmortization": 15.2,
        "dilutedAverageSharesOutstanding": 284.7,
        "dilutedEPS": 0.29,
        "ebit": 111.8,
        "grossIncome": 417.9,
        "interestExpense": 36.1,
        "interestIncomeExpense": -35.6,
        "netIncome": 82.7,
        "netIncomeAfterTaxes": 82.7,
        "nonRecurringItems": -3.1,
        "period": "2017-09-30",
        "pretaxIncome": 72.3,
        "provisionforIncomeTaxes": -10.4,
        "researchDevelopment": 60.5,
        "revenue": 802.9,
        "sgaExpense": 230.4,
        "totalOperatingExpense": 306.1,
        "totalOtherIncomeExpenseNet": -0.8
      },
      {
        "costOfGoodsSold": 396.5,
        "depreciationAmortization": 15.2,
        "dilutedAverageSharesOutstanding": 287.6,
        "dilutedEPS": 0.21,
        "ebit": 121,
        "grossIncome": 409.6,
        "interestExpense": 39.1,
        "interestIncomeExpense": -38,
        "netIncome": 59.5,
        "netIncomeAfterTaxes": 59.5,
        "nonRecurringItems": -8.6,
        "period": "2017-07-01",
        "pretaxIncome": 74.5,
        "provisionforIncomeTaxes": 15,
        "researchDevelopment": 62.5,
        "revenue": 806.1,
        "sgaExpense": 210.9,
        "totalOperatingExpense": 288.6,
        "totalOtherIncomeExpenseNet": 0.1
      },
      {
        "costOfGoodsSold": 326.7,
        "depreciationAmortization": 10.8,
        "dilutedAverageSharesOutstanding": 286,
        "dilutedEPS": 1.84,
        "ebit": 101.7,
        "grossIncome": 388.7,
        "interestExpense": 37.5,
        "interestIncomeExpense": -35.6,
        "netIncome": 526.8,
        "netIncomeAfterTaxes": 526.8,
        "nonRecurringItems": 898.1,
        "period": "2017-04-01",
        "pretaxIncome": 967.6,
        "provisionforIncomeTaxes": 440.8,
        "researchDevelopment": 55.4,
        "revenue": 715.4,
        "sgaExpense": 220.8,
        "totalOperatingExpense": 287,
        "totalOtherIncomeExpenseNet": 3.4
      },
      {
        "costOfGoodsSold": 329.6,
        "depreciationAmortization": 21.4,
        "dilutedAverageSharesOutstanding": 284.2,
        "dilutedEPS": 0.3,
        "ebit": 149.2,
        "grossIncome": 404.8,
        "interestExpense": 40.4,
        "interestIncomeExpense": -40.1,
        "netIncome": 86.5,
        "netIncomeAfterTaxes": 86.5,
        "nonRecurringItems": -3.2,
        "period": "2016-12-31",
        "pretaxIncome": 116.1,
        "provisionforIncomeTaxes": 29.6,
        "researchDevelopment": 54.4,
        "revenue": 734.4,
        "sgaExpense": 179.8,
        "totalOperatingExpense": 255.6,
        "totalOtherIncomeExpenseNet": 10.2
      },
      {
        "costOfGoodsSold": 320.8,
        "depreciationAmortization": 22.4,
        "dilutedAverageSharesOutstanding": 282.5,
        "dilutedEPS": 0.33,
        "ebit": 150,
        "grossIncome": 406.1,
        "interestExpense": 37.9,
        "interestIncomeExpense": -37.8,
        "netIncome": 92.1,
        "netIncomeAfterTaxes": 92.1,
        "nonRecurringItems": -3.8,
        "period": "2016-09-24",
        "pretaxIncome": 107.5,
        "provisionforIncomeTaxes": 15.4,
        "researchDevelopment": 62.5,
        "revenue": 726.9,
        "sgaExpense": 171.2,
        "totalOperatingExpense": 256.1,
        "totalOtherIncomeExpenseNet": -0.9
      },
      {
        "costOfGoodsSold": 324.3,
        "depreciationAmortization": 21.9,
        "dilutedAverageSharesOutstanding": 282.3,
        "dilutedEPS": 0.3,
        "ebit": 140.9,
        "grossIncome": 393.1,
        "interestExpense": 39.1,
        "interestIncomeExpense": -38.9,
        "netIncome": 84.8,
        "netIncomeAfterTaxes": 84.8,
        "nonRecurringItems": -1.5,
        "period": "2016-06-25",
        "pretaxIncome": 101.1,
        "provisionforIncomeTaxes": 16.3,
        "researchDevelopment": 58.8,
        "revenue": 717.4,
        "sgaExpense": 171.5,
        "totalOperatingExpense": 252.2,
        "totalOtherIncomeExpenseNet": 0.6
      },
      {
        "costOfGoodsSold": 308.3,
        "depreciationAmortization": 22.8,
        "dilutedAverageSharesOutstanding": 287.9,
        "dilutedEPS": 0.24,
        "ebit": 139.9,
        "grossIncome": 385,
        "interestExpense": 39.1,
        "interestIncomeExpense": -38.9,
        "netIncome": 68.9,
        "netIncomeAfterTaxes": 68.9,
        "nonRecurringItems": -8.3,
        "period": "2016-03-26",
        "pretaxIncome": 91.9,
        "provisionforIncomeTaxes": 23,
        "researchDevelopment": 59.1,
        "revenue": 693.3,
        "sgaExpense": 163.2,
        "totalOperatingExpense": 245.1,
        "totalOtherIncomeExpenseNet": -0.8
      },
      {
        "costOfGoodsSold": 316.1,
        "depreciationAmortization": 22.6,
        "dilutedAverageSharesOutstanding": 292,
        "dilutedEPS": 0.29,
        "ebit": 128.4,
        "grossIncome": 379.1,
        "interestExpense": 39.2,
        "interestIncomeExpense": -39,
        "netIncome": 84.9,
        "netIncomeAfterTaxes": 84.9,
        "nonRecurringItems": -2.3,
        "period": "2015-12-26",
        "pretaxIncome": 114.7,
        "provisionforIncomeTaxes": 29.8,
        "researchDevelopment": 51.7,
        "revenue": 695.2,
        "sgaExpense": 176.4,
        "totalOperatingExpense": 250.7,
        "totalOtherIncomeExpenseNet": 27.6
      },
      {
        "costOfGoodsSold": 323.4,
        "depreciationAmortization": 27.4,
        "dilutedAverageSharesOutstanding": 294.8,
        "dilutedEPS": 0.09,
        "ebit": 132.3,
        "grossIncome": 379.4,
        "interestExpense": 51.2,
        "interestIncomeExpense": -50.9,
        "netIncome": 25.1,
        "netIncomeAfterTaxes": 25.1,
        "nonRecurringItems": -44.4,
        "period": "2015-09-26",
        "pretaxIncome": 25.4,
        "provisionforIncomeTaxes": 0.3,
        "researchDevelopment": 53.7,
        "revenue": 702.8,
        "sgaExpense": 166,
        "totalOperatingExpense": 247.1,
        "totalOtherIncomeExpenseNet": -11.6
      }
    ],
    "symbol": "HOLX"
  }
}