{
  "symbol": "UBER",
  "statement": "ic",
  "frequency": "quarterly",
  "timestamp": "2025-09-19T14:07:52.763490",
  "data": {
    "financials": [
      {
        "costOfGoodsSold": 8307,
        "depreciationAmortization": 175,
        "dilutedAverageSharesOutstanding": 2125.628,
        "dilutedEPS": 0.64,
        "ebit": 1450,
        "equityEarningsAffiliates": -12,
        "grossIncome": 4344,
        "interestExpense": 108,
        "interestIncomeExpense": -108,
        "minorityInterest": 5,
        "netIncome": 1355,
        "netIncomeAfterTaxes": 1362,
        "period": "2025-06-30",
        "pretaxIncome": 1504,
        "provisionforIncomeTaxes": 142,
        "researchDevelopment": 840,
        "revenue": 12651,
        "sgaExpense": 1879,
        "totalOperatingExpense": 2894,
        "totalOtherIncomeExpenseNet": 162
      },
      {
        "costOfGoodsSold": 7605,
        "depreciationAmortization": 171,
        "dilutedAverageSharesOutstanding": 2122.618,
        "dilutedEPS": 0.84,
        "ebit": 1228,
        "equityEarningsAffiliates": -13,
        "grossIncome": 3928,
        "interestExpense": 105,
        "interestIncomeExpense": 165,
        "minorityInterest": 2,
        "netIncome": 1776,
        "netIncomeAfterTaxes": 1787,
        "period": "2025-03-31",
        "pretaxIncome": 1385,
        "provisionforIncomeTaxes": -402,
        "researchDevelopment": 815,
        "revenue": 11533,
        "sgaExpense": 1714,
        "totalOperatingExpense": 2700,
        "totalOtherIncomeExpenseNet": -8
      },
      {
        "costOfGoodsSold": 7912,
        "depreciationAmortization": 169,
        "dilutedAverageSharesOutstanding": 2142.483,
        "dilutedEPS": 3.21,
        "ebit": 770,
        "equityEarningsAffiliates": -10,
        "grossIncome": 4047,
        "interestExpense": 117,
        "interestIncomeExpense": 461,
        "minorityInterest": -18,
        "netIncome": 6883,
        "netIncomeAfterTaxes": 6911,
        "nonRecurringItems": -236,
        "period": "2024-12-31",
        "pretaxIncome": 909,
        "provisionforIncomeTaxes": -6002,
        "researchDevelopment": 785,
        "revenue": 11959,
        "sgaExpense": 2323,
        "totalOperatingExpense": 3277,
        "totalOtherIncomeExpenseNet": -86
      },
      {
        "costOfGoodsSold": 7448,
        "depreciationAmortization": 179,
        "dilutedAverageSharesOutstanding": 2154.466,
        "dilutedEPS": 1.21,
        "ebit": 1061,
        "equityEarningsAffiliates": -12,
        "grossIncome": 3740,
        "interestExpense": 143,
        "interestIncomeExpense": 1741,
        "minorityInterest": 13,
        "netIncome": 2612,
        "netIncomeAfterTaxes": 2611,
        "period": "2024-09-30",
        "pretaxIncome": 2769,
        "provisionforIncomeTaxes": 158,
        "researchDevelopment": 774,
        "revenue": 11188,
        "sgaExpense": 1726,
        "totalOperatingExpense": 2679,
        "totalOtherIncomeExpenseNet": -33
      },
      {
        "costOfGoodsSold": 7170,
        "depreciationAmortization": 173,
        "dilutedAverageSharesOutstanding": 2150.019,
        "dilutedEPS": 0.47,
        "ebit": 796,
        "equityEarningsAffiliates": -12,
        "grossIncome": 3530,
        "interestExpense": 139,
        "interestIncomeExpense": 287,
        "minorityInterest": 7,
        "netIncome": 1015,
        "netIncomeAfterTaxes": 1020,
        "period": "2024-06-30",
        "pretaxIncome": 1077,
        "provisionforIncomeTaxes": 57,
        "researchDevelopment": 760,
        "revenue": 10700,
        "sgaExpense": 1801,
        "totalOperatingExpense": 2734,
        "totalOtherIncomeExpenseNet": -6
      },
      {
        "costOfGoodsSold": 6853,
        "depreciationAmortization": 190,
        "dilutedAverageSharesOutstanding": 2078.467,
        "dilutedEPS": -0.31,
        "ebit": 172,
        "equityEarningsAffiliates": -4,
        "grossIncome": 3278,
        "interestExpense": 124,
        "interestIncomeExpense": -850,
        "minorityInterest": 9,
        "netIncome": -654,
        "netIncomeAfterTaxes": -659,
        "period": "2024-03-31",
        "pretaxIncome": -630,
        "provisionforIncomeTaxes": 29,
        "researchDevelopment": 790,
        "revenue": 10131,
        "sgaExpense": 2126,
        "totalOperatingExpense": 3106,
        "totalOtherIncomeExpenseNet": 48
      },
      {
        "costOfGoodsSold": 6759,
        "depreciationAmortization": 203,
        "dilutedAverageSharesOutstanding": 2125.07,
        "dilutedEPS": 0.67,
        "ebit": 652,
        "equityEarningsAffiliates": 5,
        "grossIncome": 3177,
        "interestExpense": 155,
        "interestIncomeExpense": 1008,
        "minorityInterest": -271,
        "netIncome": 1429,
        "netIncomeAfterTaxes": 1695,
        "nonRecurringItems": 204,
        "period": "2023-12-31",
        "pretaxIncome": 1828,
        "provisionforIncomeTaxes": 133,
        "researchDevelopment": 784,
        "revenue": 9936,
        "sgaExpense": 1538,
        "totalOperatingExpense": 2525,
        "totalOtherIncomeExpenseNet": -36
      },
      {
        "costOfGoodsSold": 6309,
        "depreciationAmortization": 205,
        "dilutedAverageSharesOutstanding": 2108.479,
        "dilutedEPS": 0.1,
        "ebit": 394,
        "equityEarningsAffiliates": 3,
        "grossIncome": 2983,
        "interestExpense": 166,
        "interestIncomeExpense": -224,
        "minorityInterest": 2,
        "netIncome": 221,
        "netIncomeAfterTaxes": 216,
        "nonRecurringItems": 0,
        "period": "2023-09-30",
        "pretaxIncome": 176,
        "provisionforIncomeTaxes": -40,
        "researchDevelopment": 797,
        "revenue": 9292,
        "sgaExpense": 1587,
        "totalOperatingExpense": 2589,
        "totalOtherIncomeExpenseNet": 6
      },
      {
        "costOfGoodsSold": 6179,
        "depreciationAmortization": 208,
        "dilutedAverageSharesOutstanding": 2079.265,
        "dilutedEPS": 0.19,
        "ebit": 326,
        "equityEarningsAffiliates": 4,
        "grossIncome": 3051,
        "interestExpense": 144,
        "interestIncomeExpense": 276,
        "minorityInterest": 0,
        "netIncome": 394,
        "netIncomeAfterTaxes": 390,
        "nonRecurringItems": 0,
        "period": "2023-06-30",
        "pretaxIncome": 455,
        "provisionforIncomeTaxes": 65,
        "researchDevelopment": 808,
        "revenue": 9230,
        "sgaExpense": 1709,
        "totalOperatingExpense": 2725,
        "totalOtherIncomeExpenseNet": -147
      },
      {
        "costOfGoodsSold": 5899,
        "depreciationAmortization": 207,
        "dilutedAverageSharesOutstanding": 2009.557,
        "dilutedEPS": -0.08,
        "ebit": -262,
        "equityEarningsAffiliates": 36,
        "grossIncome": 2924,
        "interestExpense": 168,
        "interestIncomeExpense": 145,
        "minorityInterest": 0,
        "netIncome": -157,
        "netIncomeAfterTaxes": -193,
        "nonRecurringItems": 0,
        "period": "2023-03-31",
        "pretaxIncome": -138,
        "provisionforIncomeTaxes": 55,
        "researchDevelopment": 775,
        "revenue": 8823,
        "sgaExpense": 2204,
        "totalOperatingExpense": 3186,
        "totalOtherIncomeExpenseNet": -21
      },
      {
        "costOfGoodsSold": 5912,
        "depreciationAmortization": 223,
        "dilutedAverageSharesOutstanding": 2006.263,
        "dilutedEPS": 0.3,
        "ebit": -142,
        "equityEarningsAffiliates": 42,
        "grossIncome": 2695,
        "interestExpense": 151,
        "interestIncomeExpense": 603,
        "minorityInterest": -5,
        "netIncome": 595,
        "netIncomeAfterTaxes": 558,
        "nonRecurringItems": 0,
        "period": "2022-12-31",
        "pretaxIncome": 474,
        "provisionforIncomeTaxes": -84,
        "researchDevelopment": 747,
        "revenue": 8607,
        "sgaExpense": 1867,
        "totalOperatingExpense": 2837,
        "totalOtherIncomeExpenseNet": 13
      },
      {
        "costOfGoodsSold": 5790,
        "depreciationAmortization": 227,
        "dilutedAverageSharesOutstanding": 1979.299,
        "dilutedEPS": -0.61,
        "ebit": -495,
        "equityEarningsAffiliates": 30,
        "grossIncome": 2553,
        "interestExpense": 146,
        "interestIncomeExpense": -706,
        "minorityInterest": -2,
        "netIncome": -1206,
        "netIncomeAfterTaxes": -1234,
        "nonRecurringItems": 14,
        "period": "2022-09-30",
        "pretaxIncome": -1176,
        "provisionforIncomeTaxes": 58,
        "researchDevelopment": 760,
        "revenue": 8343,
        "sgaExpense": 2061,
        "totalOperatingExpense": 3048,
        "totalOtherIncomeExpenseNet": 11
      },
      {
        "costOfGoodsSold": 5770,
        "depreciationAmortization": 243,
        "dilutedAverageSharesOutstanding": 1964.304,
        "dilutedEPS": -1.32,
        "ebit": -713,
        "equityEarningsAffiliates": 17,
        "grossIncome": 2303,
        "interestExpense": 139,
        "interestIncomeExpense": -1837,
        "minorityInterest": 15,
        "netIncome": -2601,
        "netIncomeAfterTaxes": -2633,
        "nonRecurringItems": 0,
        "period": "2022-06-30",
        "pretaxIncome": -2556,
        "provisionforIncomeTaxes": 77,
        "researchDevelopment": 704,
        "revenue": 8073,
        "sgaExpense": 2069,
        "totalOperatingExpense": 3016,
        "totalOtherIncomeExpenseNet": -6
      },
      {
        "costOfGoodsSold": 4600,
        "depreciationAmortization": 254,
        "dilutedAverageSharesOutstanding": 1953.989,
        "dilutedEPS": -3.03,
        "ebit": -482,
        "equityEarningsAffiliates": 18,
        "grossIncome": 2254,
        "interestExpense": 129,
        "interestIncomeExpense": -5678,
        "minorityInterest": -12,
        "netIncome": -5930,
        "netIncomeAfterTaxes": -5936,
        "nonRecurringItems": -182,
        "period": "2022-03-31",
        "pretaxIncome": -6168,
        "provisionforIncomeTaxes": -232,
        "researchDevelopment": 587,
        "revenue": 6854,
        "sgaExpense": 1895,
        "totalOperatingExpense": 2736,
        "totalOtherIncomeExpenseNet": 174
      },
      {
        "costOfGoodsSold": 3651,
        "depreciationAmortization": 246,
        "dilutedAverageSharesOutstanding": 1937.219,
        "dilutedEPS": 0.46,
        "ebit": -550,
        "equityEarningsAffiliates": -9,
        "grossIncome": 2127,
        "interestExpense": 130,
        "interestIncomeExpense": 1461,
        "minorityInterest": 13,
        "netIncome": 892,
        "netIncomeAfterTaxes": 888,
        "nonRecurringItems": 0,
        "period": "2021-12-31",
        "pretaxIncome": 791,
        "provisionforIncomeTaxes": -97,
        "researchDevelopment": 558,
        "revenue": 5778,
        "sgaExpense": 1873,
        "totalOperatingExpense": 2677,
        "totalOtherIncomeExpenseNet": -120
      },
      {
        "costOfGoodsSold": 2913,
        "depreciationAmortization": 218,
        "dilutedAverageSharesOutstanding": 1898.954,
        "dilutedEPS": -1.28,
        "ebit": -572,
        "equityEarningsAffiliates": -13,
        "grossIncome": 1932,
        "interestExpense": 123,
        "interestIncomeExpense": -2157,
        "minorityInterest": 15,
        "netIncome": -2424,
        "netIncomeAfterTaxes": -2426,
        "nonRecurringItems": 0,
        "period": "2021-09-30",
        "pretaxIncome": -2527,
        "provisionforIncomeTaxes": -101,
        "researchDevelopment": 493,
        "revenue": 4845,
        "sgaExpense": 1793,
        "totalOperatingExpense": 2504,
        "totalOtherIncomeExpenseNet": 202
      },
      {
        "costOfGoodsSold": 2531,
        "depreciationAmortization": 226,
        "dilutedAverageSharesOutstanding": 1955.975,
        "dilutedEPS": 0.58,
        "ebit": -1188,
        "equityEarningsAffiliates": -7,
        "grossIncome": 1398,
        "interestExpense": 115,
        "interestIncomeExpense": 1810,
        "minorityInterest": 32,
        "netIncome": 1144,
        "netIncomeAfterTaxes": 1119,
        "nonRecurringItems": 0,
        "period": "2021-06-30",
        "pretaxIncome": 640,
        "provisionforIncomeTaxes": -479,
        "researchDevelopment": 488,
        "revenue": 3929,
        "sgaExpense": 1872,
        "totalOperatingExpense": 2586,
        "totalOtherIncomeExpenseNet": 18
      },
      {
        "costOfGoodsSold": 2133,
        "depreciationAmortization": 212,
        "dilutedAverageSharesOutstanding": 1858.525,
        "dilutedEPS": -0.06,
        "ebit": -1524,
        "equityEarningsAffiliates": -8,
        "grossIncome": 770,
        "interestExpense": 115,
        "interestIncomeExpense": -72,
        "minorityInterest": 14,
        "netIncome": -108,
        "netIncomeAfterTaxes": -114,
        "nonRecurringItems": 1684,
        "period": "2021-03-31",
        "pretaxIncome": 71,
        "provisionforIncomeTaxes": 185,
        "researchDevelopment": 515,
        "revenue": 2903,
        "sgaExpense": 1567,
        "totalOperatingExpense": 2294,
        "totalOtherIncomeExpenseNet": -17
      },
      {
        "costOfGoodsSold": 1820,
        "depreciationAmortization": 180,
        "dilutedAverageSharesOutstanding": 1793.376,
        "dilutedEPS": -0.54,
        "ebit": -891,
        "equityEarningsAffiliates": -7,
        "grossIncome": 1345,
        "interestExpense": 118,
        "interestIncomeExpense": -140,
        "minorityInterest": -5,
        "netIncome": -967,
        "netIncomeAfterTaxes": -955,
        "nonRecurringItems": 91,
        "period": "2020-12-31",
        "pretaxIncome": -932,
        "provisionforIncomeTaxes": 23,
        "researchDevelopment": 484,
        "revenue": 3165,
        "sgaExpense": 1572,
        "totalOperatingExpense": 2236,
        "totalOtherIncomeExpenseNet": 8
      },
      {
        "costOfGoodsSold": 1663,
        "depreciationAmortization": 138,
        "dilutedAverageSharesOutstanding": 1755.029,
        "dilutedEPS": -0.62,
        "ebit": -1116,
        "equityEarningsAffiliates": -8,
        "grossIncome": 1150,
        "interestExpense": 112,
        "interestIncomeExpense": -159,
        "minorityInterest": 19,
        "netIncome": -1089,
        "netIncomeAfterTaxes": -1100,
        "nonRecurringItems": 160,
        "period": "2020-09-30",
        "pretaxIncome": -1077,
        "provisionforIncomeTaxes": 23,
        "researchDevelopment": 493,
        "revenue": 2813,
        "sgaExpense": 1635,
        "totalOperatingExpense": 2266,
        "totalOtherIncomeExpenseNet": 38
      },
      {
        "costOfGoodsSold": 1506,
        "depreciationAmortization": 129,
        "dilutedAverageSharesOutstanding": 1738.897,
        "dilutedEPS": -1.02,
        "ebit": -1607,
        "equityEarningsAffiliates": -7,
        "grossIncome": 407,
        "interestExpense": 110,
        "interestIncomeExpense": -135,
        "minorityInterest": -3,
        "netIncome": -1775,
        "netIncomeAfterTaxes": -1765,
        "nonRecurringItems": -14,
        "period": "2020-06-30",
        "pretaxIncome": -1761,
        "provisionforIncomeTaxes": 4,
        "researchDevelopment": 584,
        "revenue": 1913,
        "sgaExpense": 1301,
        "totalOperatingExpense": 2014,
        "totalOtherIncomeExpenseNet": -5
      },
      {
        "costOfGoodsSold": 1994,
        "depreciationAmortization": 128,
        "dilutedAverageSharesOutstanding": 1724.367,
        "dilutedEPS": -1.7,
        "ebit": -1070,
        "equityEarningsAffiliates": -12,
        "grossIncome": 1254,
        "interestExpense": 118,
        "interestIncomeExpense": -222,
        "minorityInterest": 10,
        "netIncome": -2936,
        "netIncomeAfterTaxes": -2934,
        "nonRecurringItems": -1902,
        "period": "2020-03-31",
        "pretaxIncome": -3176,
        "provisionforIncomeTaxes": -242,
        "researchDevelopment": 645,
        "revenue": 3248,
        "sgaExpense": 1551,
        "totalOperatingExpense": 2324,
        "totalOtherIncomeExpenseNet": 18
      },
      {
        "costOfGoodsSold": 1286,
        "depreciationAmortization": 101,
        "dilutedAverageSharesOutstanding": 1710.26,
        "dilutedEPS": -0.64,
        "ebit": -971,
        "equityEarningsAffiliates": -9,
        "grossIncome": 1636,
        "interestExpense": 101,
        "interestIncomeExpense": -90,
        "minorityInterest": -5,
        "netIncome": -1096,
        "netIncomeAfterTaxes": -1082,
        "nonRecurringItems": 0,
        "period": "2019-12-31",
        "pretaxIncome": -1057,
        "provisionforIncomeTaxes": 25,
        "researchDevelopment": 608,
        "revenue": 2922,
        "sgaExpense": 1898,
        "totalOperatingExpense": 2607,
        "totalOtherIncomeExpenseNet": 4
      },
      {
        "costOfGoodsSold": 2358,
        "depreciationAmortization": 102,
        "dilutedAverageSharesOutstanding": 1703.63,
        "dilutedEPS": -0.68,
        "ebit": -1106,
        "equityEarningsAffiliates": -9,
        "grossIncome": 1455,
        "interestExpense": 90,
        "interestIncomeExpense": -19,
        "minorityInterest": -3,
        "netIncome": -1162,
        "netIncomeAfterTaxes": -1150,
        "nonRecurringItems": 0,
        "period": "2019-09-30",
        "pretaxIncome": -1147,
        "provisionforIncomeTaxes": 3,
        "researchDevelopment": 755,
        "revenue": 3813,
        "sgaExpense": 1704,
        "totalOperatingExpense": 2561,
        "totalOtherIncomeExpenseNet": -22
      },
      {
        "costOfGoodsSold": 2604,
        "depreciationAmortization": 123,
        "dilutedAverageSharesOutstanding": 1110.704,
        "dilutedEPS": -4.71,
        "ebit": -5485,
        "equityEarningsAffiliates": -10,
        "grossIncome": 562,
        "interestExpense": 151,
        "interestIncomeExpense": -213,
        "minorityInterest": 10,
        "netIncome": -5236,
        "netIncomeAfterTaxes": -5236,
        "nonRecurringItems": 444,
        "period": "2019-06-30",
        "pretaxIncome": -5238,
        "provisionforIncomeTaxes": -2,
        "researchDevelopment": 3064,
        "revenue": 3166,
        "sgaExpense": 2860,
        "totalOperatingExpense": 6047,
        "totalOtherIncomeExpenseNet": 16
      },
      {
        "costOfGoodsSold": 2115,
        "depreciationAmortization": 146,
        "dilutedAverageSharesOutstanding": 1682.522,
        "dilutedEPS": -0.6,
        "ebit": -1034,
        "equityEarningsAffiliates": -6,
        "grossIncome": 984,
        "interestExpense": 217,
        "interestIncomeExpense": 17,
        "minorityInterest": 4,
        "netIncome": -1012,
        "netIncomeAfterTaxes": -1010,
        "nonRecurringItems": 0,
        "period": "2019-03-31",
        "pretaxIncome": -991,
        "provisionforIncomeTaxes": 19,
        "researchDevelopment": 409,
        "revenue": 3099,
        "sgaExpense": 1463,
        "totalOperatingExpense": 2018,
        "totalOtherIncomeExpenseNet": 26
      },
      {
        "costOfGoodsSold": 1186,
        "depreciationAmortization": 109,
        "dilutedAverageSharesOutstanding": 443.368,
        "dilutedEPS": -0.59,
        "ebit": -1053,
        "equityEarningsAffiliates": -10,
        "grossIncome": 951,
        "interestExpense": 195,
        "interestIncomeExpense": -161,
        "minorityInterest": 2,
        "netIncome": -260,
        "netIncomeAfterTaxes": -879,
        "nonRecurringItems": 6,
        "period": "2018-12-31",
        "pretaxIncome": -1201,
        "provisionforIncomeTaxes": -322,
        "researchDevelopment": 366,
        "revenue": 2137,
        "sgaExpense": 1529,
        "totalOperatingExpense": 2004,
        "totalOtherIncomeExpenseNet": 7
      },
      {
        "costOfGoodsSold": 1897,
        "depreciationAmortization": 131,
        "dilutedAverageSharesOutstanding": 1682.522,
        "dilutedEPS": -0.59,
        "ebit": -734,
        "equityEarningsAffiliates": -15,
        "grossIncome": 1076,
        "interestExpense": 161,
        "interestIncomeExpense": -241,
        "minorityInterest": 8,
        "netIncome": -986,
        "netIncomeAfterTaxes": -979,
        "nonRecurringItems": -22,
        "period": "2018-09-30",
        "pretaxIncome": -978,
        "provisionforIncomeTaxes": 1,
        "researchDevelopment": 434,
        "revenue": 2973,
        "sgaExpense": 1245,
        "totalOperatingExpense": 1810,
        "totalOtherIncomeExpenseNet": 19
      },
      {
        "costOfGoodsSold": 1691,
        "depreciationAmortization": 98,
        "dilutedAverageSharesOutstanding": 1701.011,
        "dilutedEPS": -0.13,
        "ebit": -703,
        "equityEarningsAffiliates": -14,
        "grossIncome": 1113,
        "interestExpense": 160,
        "interestIncomeExpense": -208,
        "minorityInterest": 0,
        "netIncome": -216,
        "netIncomeAfterTaxes": -864,
        "nonRecurringItems": 4,
        "period": "2018-06-30",
        "pretaxIncome": -836,
        "provisionforIncomeTaxes": 28,
        "researchDevelopment": 365,
        "revenue": 2804,
        "sgaExpense": 1353,
        "totalOperatingExpense": 1816,
        "totalOtherIncomeExpenseNet": 71
      },
      {
        "costOfGoodsSold": 1528,
        "depreciationAmortization": 88,
        "dilutedAverageSharesOutstanding": 1682.522,
        "dilutedEPS": 0.87,
        "ebit": -478,
        "equityEarningsAffiliates": -3,
        "grossIncome": 1056,
        "interestExpense": 132,
        "interestIncomeExpense": 1516,
        "minorityInterest": 0,
        "netIncome": 1462,
        "netIncomeAfterTaxes": 3751,
        "nonRecurringItems": 3161,
        "period": "2018-03-31",
        "pretaxIncome": 4327,
        "provisionforIncomeTaxes": 576,
        "researchDevelopment": 340,
        "revenue": 2584,
        "sgaExpense": 1106,
        "totalOperatingExpense": 1534,
        "totalOtherIncomeExpenseNet": 128
      },
      {
        "costOfGoodsSold": 1566,
        "depreciationAmortization": 120,
        "dilutedAverageSharesOutstanding": 1682.522,
        "dilutedEPS": -0.38,
        "ebit": -1197,
        "equityEarningsAffiliates": 0,
        "grossIncome": 875,
        "interestExpense": 132,
        "interestIncomeExpense": -132,
        "minorityInterest": 0,
        "netIncome": -643,
        "netIncomeAfterTaxes": -1365,
        "period": "2017-12-31",
        "pretaxIncome": -1298,
        "provisionforIncomeTaxes": 67,
        "researchDevelopment": 320,
        "revenue": 2441,
        "sgaExpense": 1632,
        "totalOperatingExpense": 2072,
        "totalOtherIncomeExpenseNet": 31
      },
      {
        "costOfGoodsSold": 1548,
        "depreciationAmortization": 140,
        "dilutedAverageSharesOutstanding": 1682.522,
        "dilutedEPS": -0.84,
        "ebit": -1155,
        "equityEarningsAffiliates": 0,
        "grossIncome": 601,
        "interestExpense": 123,
        "interestIncomeExpense": -123,
        "minorityInterest": 0,
        "netIncome": -1413,
        "netIncomeAfterTaxes": -1413,
        "period": "2017-09-30",
        "pretaxIncome": -1373,
        "provisionforIncomeTaxes": 40,
        "researchDevelopment": 307,
        "revenue": 2149,
        "sgaExpense": 1309,
        "totalOperatingExpense": 1756,
        "totalOtherIncomeExpenseNet": -95
      },
      {
        "costOfGoodsSold": 1279,
        "depreciationAmortization": 129,
        "dilutedAverageSharesOutstanding": 1682.522,
        "dilutedEPS": -0.62,
        "ebit": -910,
        "equityEarningsAffiliates": 0,
        "grossIncome": 534,
        "interestExpense": 115,
        "interestIncomeExpense": -115,
        "minorityInterest": 0,
        "netIncome": -1050,
        "netIncomeAfterTaxes": -1050,
        "period": "2017-06-30",
        "pretaxIncome": -1013,
        "provisionforIncomeTaxes": 37,
        "researchDevelopment": 304,
        "revenue": 1813,
        "sgaExpense": 1011,
        "totalOperatingExpense": 1444,
        "totalOtherIncomeExpenseNet": 12
      },
      {
        "costOfGoodsSold": 1121,
        "depreciationAmortization": 121,
        "dilutedAverageSharesOutstanding": 1682.522,
        "dilutedEPS": -0.55,
        "ebit": -818,
        "equityEarningsAffiliates": 0,
        "grossIncome": 408,
        "interestExpense": 109,
        "interestIncomeExpense": -109,
        "minorityInterest": 0,
        "netIncome": -927,
        "netIncomeAfterTaxes": -927,
        "period": "2017-03-31",
        "pretaxIncome": -891,
        "provisionforIncomeTaxes": 36,
        "researchDevelopment": 270,
        "revenue": 1529,
        "sgaExpense": 835,
        "totalOperatingExpense": 1226,
        "totalOtherIncomeExpenseNet": 36
      }
    ],
    "symbol": "UBER"
  }
}