{
  "symbol": "TPR",
  "statement": "ic",
  "frequency": "quarterly",
  "timestamp": "2025-09-19T14:07:14.776895",
  "data": {
    "financials": [
      {
        "costOfGoodsSold": 408.1,
        "dilutedAverageSharesOutstanding": 208.7,
        "dilutedEPS": -2.4777,
        "ebit": 288.6,
        "grossIncome": 1315.1,
        "interestExpense": 29.4,
        "interestIncomeExpense": -14.8,
        "netIncome": -517.1,
        "netIncomeAfterTaxes": -517.1,
        "nonRecurringItems": -872.1,
        "period": "2025-06-28",
        "pretaxIncome": -594,
        "provisionforIncomeTaxes": -76.9,
        "revenue": 1723.2,
        "sgaExpense": 1026.5,
        "totalOperatingExpense": 1026.5,
        "totalOtherIncomeExpenseNet": 4.3
      },
      {
        "costOfGoodsSold": 378.8,
        "dilutedAverageSharesOutstanding": 213.9,
        "dilutedEPS": 0.9504,
        "ebit": 277.3,
        "grossIncome": 1205.8,
        "interestExpense": 32.8,
        "interestIncomeExpense": -15.4,
        "netIncome": 203.3,
        "netIncomeAfterTaxes": 203.3,
        "nonRecurringItems": -23.6,
        "period": "2025-03-29",
        "pretaxIncome": 239.1,
        "provisionforIncomeTaxes": 35.8,
        "revenue": 1584.6,
        "sgaExpense": 928.5,
        "totalOperatingExpense": 928.5,
        "totalOtherIncomeExpenseNet": 0.8
      },
      {
        "costOfGoodsSold": 562.3,
        "dilutedAverageSharesOutstanding": 224.9,
        "dilutedEPS": 1.3802,
        "ebit": 548.2,
        "grossIncome": 1633.1,
        "interestExpense": 85.8,
        "interestIncomeExpense": -24.5,
        "netIncome": 310.4,
        "netIncomeAfterTaxes": 310.4,
        "nonRecurringItems": -175.5,
        "period": "2024-12-28",
        "pretaxIncome": 345.3,
        "provisionforIncomeTaxes": 34.9,
        "revenue": 2195.4,
        "sgaExpense": 1084.9,
        "totalOperatingExpense": 1084.9,
        "totalOtherIncomeExpenseNet": -2.9
      },
      {
        "costOfGoodsSold": 372.6,
        "dilutedAverageSharesOutstanding": 235.9,
        "dilutedEPS": 0.791,
        "ebit": 252,
        "grossIncome": 1134.9,
        "interestExpense": 123.2,
        "interestIncomeExpense": -30.7,
        "netIncome": 186.6,
        "netIncomeAfterTaxes": 186.6,
        "period": "2024-09-28",
        "pretaxIncome": 225.7,
        "provisionforIncomeTaxes": 39.1,
        "revenue": 1507.5,
        "sgaExpense": 882.9,
        "totalOperatingExpense": 882.9,
        "totalOtherIncomeExpenseNet": 4.4
      },
      {
        "costOfGoodsSold": 399.9,
        "dilutedAverageSharesOutstanding": 234.4,
        "dilutedEPS": 0.6796,
        "ebit": 235,
        "grossIncome": 1191.2,
        "interestExpense": 128.6,
        "interestIncomeExpense": -30.5,
        "netIncome": 159.3,
        "netIncomeAfterTaxes": 159.3,
        "nonRecurringItems": 0,
        "period": "2024-06-29",
        "pretaxIncome": 200.8,
        "provisionforIncomeTaxes": 41.5,
        "revenue": 1591.1,
        "sgaExpense": 956.2,
        "totalOperatingExpense": 956.2,
        "totalOtherIncomeExpenseNet": -3.7
      },
      {
        "costOfGoodsSold": 375,
        "dilutedAverageSharesOutstanding": 234.2,
        "dilutedEPS": 0.5952,
        "ebit": 204.3,
        "grossIncome": 1107.4,
        "interestExpense": 130.1,
        "interestIncomeExpense": -32,
        "netIncome": 139.4,
        "netIncomeAfterTaxes": 139.4,
        "period": "2024-03-30",
        "pretaxIncome": 169.5,
        "provisionforIncomeTaxes": 30.1,
        "revenue": 1482.4,
        "sgaExpense": 903.1,
        "totalOperatingExpense": 903.1,
        "totalOtherIncomeExpenseNet": -2.8
      },
      {
        "costOfGoodsSold": 591.3,
        "dilutedAverageSharesOutstanding": 231.7,
        "dilutedEPS": 1.391,
        "ebit": 447.6,
        "grossIncome": 1493.2,
        "interestExpense": 88.6,
        "interestIncomeExpense": -49.2,
        "netIncome": 322.3,
        "netIncomeAfterTaxes": 322.3,
        "period": "2023-12-30",
        "pretaxIncome": 403.1,
        "provisionforIncomeTaxes": 80.8,
        "revenue": 2084.5,
        "sgaExpense": 1045.6,
        "totalOperatingExpense": 1045.6,
        "totalOtherIncomeExpenseNet": 4.7
      },
      {
        "costOfGoodsSold": 415.5,
        "dilutedAverageSharesOutstanding": 232.5,
        "dilutedEPS": 0.84,
        "ebit": 253.2,
        "grossIncome": 1097.7,
        "interestExpense": 22.3,
        "interestIncomeExpense": -13.3,
        "netIncome": 195,
        "netIncomeAfterTaxes": 195,
        "period": "2023-09-30",
        "pretaxIncome": 238.5,
        "provisionforIncomeTaxes": 43.5,
        "revenue": 1513.2,
        "sgaExpense": 844.5,
        "totalOperatingExpense": 844.5,
        "totalOtherIncomeExpenseNet": -1.4
      },
      {
        "costOfGoodsSold": 446.8,
        "dilutedAverageSharesOutstanding": 235.6,
        "dilutedEPS": 0.95,
        "ebit": 273.6,
        "grossIncome": 1172.7,
        "interestExpense": 19.4,
        "interestIncomeExpense": -6.2,
        "netIncome": 224.1,
        "netIncomeAfterTaxes": 224.1,
        "nonRecurringItems": 0,
        "period": "2023-07-01",
        "pretaxIncome": 266.8,
        "provisionforIncomeTaxes": 42.7,
        "revenue": 1619.5,
        "sgaExpense": 899.1,
        "totalOperatingExpense": 899.1,
        "totalOtherIncomeExpenseNet": -0.6
      },
      {
        "costOfGoodsSold": 411.2,
        "dilutedAverageSharesOutstanding": 239.7,
        "dilutedEPS": 0.78,
        "ebit": 226.3,
        "grossIncome": 1098.3,
        "interestExpense": 19.1,
        "interestIncomeExpense": -6.1,
        "netIncome": 186.7,
        "netIncomeAfterTaxes": 186.7,
        "nonRecurringItems": 0,
        "period": "2023-04-01",
        "pretaxIncome": 223.2,
        "provisionforIncomeTaxes": 36.5,
        "revenue": 1509.5,
        "sgaExpense": 872,
        "totalOperatingExpense": 872,
        "totalOtherIncomeExpenseNet": 3
      },
      {
        "costOfGoodsSold": 636.1,
        "dilutedAverageSharesOutstanding": 243.3,
        "dilutedEPS": 1.36,
        "ebit": 418.2,
        "grossIncome": 1389.3,
        "interestExpense": 18.2,
        "interestIncomeExpense": -7.9,
        "netIncome": 329.9,
        "netIncomeAfterTaxes": 329.9,
        "nonRecurringItems": 0,
        "period": "2022-12-31",
        "pretaxIncome": 416.9,
        "provisionforIncomeTaxes": 87,
        "revenue": 2025.4,
        "sgaExpense": 971.1,
        "totalOperatingExpense": 971.1,
        "totalOtherIncomeExpenseNet": 6.6
      },
      {
        "costOfGoodsSold": 451.9,
        "dilutedAverageSharesOutstanding": 246.8,
        "dilutedEPS": 0.79,
        "ebit": 254.3,
        "grossIncome": 1054.6,
        "interestExpense": 16.4,
        "interestIncomeExpense": -7.4,
        "netIncome": 195.3,
        "netIncomeAfterTaxes": 195.3,
        "period": "2022-10-01",
        "pretaxIncome": 236.2,
        "provisionforIncomeTaxes": 40.9,
        "revenue": 1506.5,
        "sgaExpense": 800.3,
        "totalOperatingExpense": 800.3,
        "totalOtherIncomeExpenseNet": -10.7
      },
      {
        "costOfGoodsSold": 505.7,
        "dilutedAverageSharesOutstanding": 252.7,
        "dilutedEPS": 0.75,
        "ebit": 259.6,
        "grossIncome": 1119.2,
        "interestExpense": 22.5,
        "interestIncomeExpense": -11.9,
        "netIncome": 188.8,
        "netIncomeAfterTaxes": 188.8,
        "nonRecurringItems": -11.1,
        "period": "2022-07-02",
        "pretaxIncome": 228.5,
        "provisionforIncomeTaxes": 39.7,
        "revenue": 1624.9,
        "sgaExpense": 859.6,
        "totalOperatingExpense": 859.6,
        "totalOtherIncomeExpenseNet": -8.1
      },
      {
        "costOfGoodsSold": 432.4,
        "dilutedAverageSharesOutstanding": 265.5,
        "dilutedEPS": 0.46,
        "ebit": 175.8,
        "grossIncome": 1005.1,
        "interestExpense": 14.8,
        "interestIncomeExpense": -14.8,
        "netIncome": 122.7,
        "netIncomeAfterTaxes": 122.7,
        "nonRecurringItems": -6.3,
        "period": "2022-04-02",
        "pretaxIncome": 151.7,
        "provisionforIncomeTaxes": 29,
        "revenue": 1437.5,
        "sgaExpense": 829.3,
        "totalOperatingExpense": 829.3,
        "totalOtherIncomeExpenseNet": -3
      },
      {
        "costOfGoodsSold": 683.8,
        "dilutedAverageSharesOutstanding": 277.2,
        "dilutedEPS": 1.15,
        "ebit": 476.1,
        "grossIncome": 1457.4,
        "interestExpense": 15.9,
        "interestIncomeExpense": -15.9,
        "netIncome": 317.9,
        "netIncomeAfterTaxes": 317.9,
        "nonRecurringItems": -67,
        "period": "2022-01-01",
        "pretaxIncome": 390.1,
        "provisionforIncomeTaxes": 72.2,
        "revenue": 2141.2,
        "sgaExpense": 981.3,
        "totalOperatingExpense": 981.3,
        "totalOtherIncomeExpenseNet": -3.1
      },
      {
        "costOfGoodsSold": 412.2,
        "dilutedAverageSharesOutstanding": 285.2,
        "dilutedEPS": 0.8,
        "ebit": 307.1,
        "grossIncome": 1068.7,
        "interestExpense": 16.9,
        "interestIncomeExpense": -16.1,
        "netIncome": 226.9,
        "netIncomeAfterTaxes": 226.9,
        "nonRecurringItems": -12.1,
        "period": "2021-10-02",
        "pretaxIncome": 276.7,
        "provisionforIncomeTaxes": 49.8,
        "revenue": 1480.9,
        "sgaExpense": 761.6,
        "totalOperatingExpense": 761.6,
        "totalOtherIncomeExpenseNet": -2.2
      },
      {
        "costOfGoodsSold": 441.2,
        "dilutedAverageSharesOutstanding": 287.5,
        "dilutedEPS": 0.69,
        "ebit": 288.7,
        "grossIncome": 1174.2,
        "interestExpense": 17.1,
        "interestIncomeExpense": -16.4,
        "netIncome": 199.8,
        "netIncomeAfterTaxes": 199.8,
        "nonRecurringItems": -29,
        "period": "2021-07-03",
        "pretaxIncome": 242.2,
        "provisionforIncomeTaxes": 42.4,
        "revenue": 1615.4,
        "sgaExpense": 885.5,
        "totalOperatingExpense": 885.5,
        "totalOtherIncomeExpenseNet": -1.1
      },
      {
        "costOfGoodsSold": 361.4,
        "dilutedAverageSharesOutstanding": 285.6,
        "dilutedEPS": 0.32,
        "ebit": 182.9,
        "grossIncome": 911.9,
        "interestExpense": 17.4,
        "interestIncomeExpense": -16.9,
        "netIncome": 91.7,
        "netIncomeAfterTaxes": 91.7,
        "nonRecurringItems": -66.2,
        "period": "2021-03-27",
        "pretaxIncome": 95.4,
        "provisionforIncomeTaxes": 3.7,
        "revenue": 1273.3,
        "sgaExpense": 729,
        "totalOperatingExpense": 729,
        "totalOtherIncomeExpenseNet": -4.4
      },
      {
        "costOfGoodsSold": 511.7,
        "dilutedAverageSharesOutstanding": 281,
        "dilutedEPS": 1.1,
        "ebit": 411.1,
        "grossIncome": 1173.7,
        "interestExpense": 19.4,
        "interestIncomeExpense": -18.7,
        "netIncome": 311,
        "netIncomeAfterTaxes": 307.7,
        "nonRecurringItems": -21.7,
        "period": "2020-12-26",
        "pretaxIncome": 374.3,
        "provisionforIncomeTaxes": 66.6,
        "revenue": 1685.4,
        "sgaExpense": 762.6,
        "totalOperatingExpense": 762.6,
        "totalOtherIncomeExpenseNet": 3.6
      },
      {
        "costOfGoodsSold": 342,
        "dilutedAverageSharesOutstanding": 277.9,
        "dilutedEPS": 0.83,
        "ebit": 228.8,
        "grossIncome": 830.2,
        "interestExpense": 20.2,
        "interestIncomeExpense": -19.4,
        "netIncome": 231.7,
        "netIncomeAfterTaxes": 140,
        "nonRecurringItems": -26.6,
        "period": "2020-09-26",
        "pretaxIncome": 185.4,
        "provisionforIncomeTaxes": 45.4,
        "revenue": 1172.2,
        "sgaExpense": 601.4,
        "totalOperatingExpense": 601.4,
        "totalOtherIncomeExpenseNet": 2.6
      },
      {
        "costOfGoodsSold": 207.5,
        "dilutedAverageSharesOutstanding": 276.2,
        "dilutedEPS": -1.06,
        "ebit": -69.8,
        "grossIncome": 507.3,
        "interestExpense": 21.4,
        "interestIncomeExpense": -20.3,
        "netIncome": -293.8,
        "netIncomeAfterTaxes": -293.8,
        "nonRecurringItems": -210.2,
        "period": "2020-06-27",
        "pretaxIncome": -300.8,
        "provisionforIncomeTaxes": -7,
        "revenue": 714.8,
        "sgaExpense": 577.1,
        "totalOperatingExpense": 577.1,
        "totalOtherIncomeExpenseNet": -0.5
      },
      {
        "costOfGoodsSold": 352.5,
        "dilutedAverageSharesOutstanding": 276.1,
        "dilutedEPS": -2.45,
        "ebit": -31.6,
        "grossIncome": 720.2,
        "interestExpense": 16.9,
        "interestIncomeExpense": -13.5,
        "netIncome": -677.1,
        "netIncomeAfterTaxes": -677.1,
        "nonRecurringItems": -653.9,
        "period": "2020-03-28",
        "pretaxIncome": -705,
        "provisionforIncomeTaxes": -27.9,
        "revenue": 1072.7,
        "sgaExpense": 751.8,
        "totalOperatingExpense": 751.8,
        "totalOtherIncomeExpenseNet": -6
      },
      {
        "costOfGoodsSold": 604.8,
        "dilutedAverageSharesOutstanding": 276.7,
        "dilutedEPS": 1.08,
        "ebit": 373.3,
        "grossIncome": 1211.2,
        "interestExpense": 16.8,
        "interestIncomeExpense": -14,
        "netIncome": 298.8,
        "netIncomeAfterTaxes": 298.8,
        "nonRecurringItems": -10.2,
        "period": "2019-12-28",
        "pretaxIncome": 355,
        "provisionforIncomeTaxes": 56.2,
        "revenue": 1816,
        "sgaExpense": 837.9,
        "totalOperatingExpense": 837.9,
        "totalOtherIncomeExpenseNet": 5.9
      },
      {
        "costOfGoodsSold": 439.3,
        "dilutedAverageSharesOutstanding": 285.7,
        "dilutedEPS": 0.07,
        "ebit": 166.5,
        "grossIncome": 918.6,
        "interestExpense": 17,
        "interestIncomeExpense": -12.3,
        "netIncome": 20,
        "netIncomeAfterTaxes": 20,
        "nonRecurringItems": -114.9,
        "period": "2019-09-28",
        "pretaxIncome": 26.6,
        "provisionforIncomeTaxes": 6.6,
        "revenue": 1357.9,
        "sgaExpense": 752.1,
        "totalOperatingExpense": 752.1,
        "totalOtherIncomeExpenseNet": -12.7
      },
      {
        "costOfGoodsSold": 514.5,
        "dilutedAverageSharesOutstanding": 289.6,
        "dilutedEPS": 0.51,
        "ebit": 169.9,
        "grossIncome": 999.2,
        "interestExpense": 16.8,
        "interestIncomeExpense": -11,
        "netIncome": 148.9,
        "netIncomeAfterTaxes": 103.4,
        "period": "2019-06-29",
        "pretaxIncome": 158.9,
        "provisionforIncomeTaxes": 55.5,
        "revenue": 1513.7,
        "sgaExpense": 829.3,
        "totalOperatingExpense": 829.3
      },
      {
        "costOfGoodsSold": 415.5,
        "dilutedAverageSharesOutstanding": 290.9,
        "dilutedEPS": 0.4,
        "ebit": 105.8,
        "grossIncome": 915.9,
        "interestExpense": 16.7,
        "interestIncomeExpense": -10.6,
        "netIncome": 117.4,
        "netIncomeAfterTaxes": 117.4,
        "period": "2019-03-30",
        "pretaxIncome": 95.2,
        "provisionforIncomeTaxes": -22.2,
        "revenue": 1331.4,
        "sgaExpense": 810.1,
        "totalOperatingExpense": 810.1
      },
      {
        "costOfGoodsSold": 597.3,
        "dilutedAverageSharesOutstanding": 291,
        "dilutedEPS": 0.87,
        "ebit": 380.7,
        "grossIncome": 1203.5,
        "interestExpense": 16.6,
        "interestIncomeExpense": -13.2,
        "netIncome": 254.8,
        "netIncomeAfterTaxes": 288.9,
        "period": "2018-12-29",
        "pretaxIncome": 367.5,
        "provisionforIncomeTaxes": 78.6,
        "revenue": 1800.8,
        "sgaExpense": 822.8,
        "totalOperatingExpense": 822.8
      },
      {
        "costOfGoodsSold": 445.5,
        "dilutedAverageSharesOutstanding": 292,
        "dilutedEPS": 0.42,
        "ebit": 185.8,
        "grossIncome": 935.7,
        "interestExpense": 16.8,
        "interestIncomeExpense": -13.1,
        "netIncome": 122.3,
        "netIncomeAfterTaxes": 122.3,
        "nonRecurringItems": -23.5,
        "period": "2018-09-29",
        "pretaxIncome": 144.6,
        "provisionforIncomeTaxes": 22.3,
        "revenue": 1381.2,
        "sgaExpense": 749.9,
        "totalOperatingExpense": 749.9,
        "totalOtherIncomeExpenseNet": -4.6
      },
      {
        "costOfGoodsSold": 480.5,
        "dilutedAverageSharesOutstanding": 291,
        "dilutedEPS": 0.72,
        "ebit": 197.2,
        "grossIncome": 1003.2,
        "interestExpense": 17.7,
        "interestIncomeExpense": -14.4,
        "netIncome": 211.7,
        "netIncomeAfterTaxes": 189,
        "nonRecurringItems": -10,
        "period": "2018-06-30",
        "pretaxIncome": 172.8,
        "provisionforIncomeTaxes": -16.2,
        "revenue": 1483.7,
        "sgaExpense": 806,
        "totalOperatingExpense": 806
      },
      {
        "costOfGoodsSold": 413.5,
        "dilutedAverageSharesOutstanding": 290.1,
        "dilutedEPS": 0.49,
        "ebit": 161.9,
        "grossIncome": 908.9,
        "interestExpense": 18.9,
        "interestIncomeExpense": -16.9,
        "netIncome": 140.3,
        "netIncomeAfterTaxes": 143,
        "nonRecurringItems": -2.9,
        "period": "2018-03-31",
        "pretaxIncome": 142.1,
        "provisionforIncomeTaxes": -0.9,
        "revenue": 1322.4,
        "sgaExpense": 747,
        "totalOperatingExpense": 747
      },
      {
        "costOfGoodsSold": 607.6,
        "dilutedAverageSharesOutstanding": 286.4,
        "dilutedEPS": 0.22,
        "ebit": 349.9,
        "grossIncome": 1177.4,
        "interestExpense": 25.3,
        "interestIncomeExpense": -22.2,
        "netIncome": 63.2,
        "netIncomeAfterTaxes": 250.5,
        "nonRecurringItems": -3.5,
        "period": "2017-12-30",
        "pretaxIncome": 324.2,
        "provisionforIncomeTaxes": 73.7,
        "revenue": 1785,
        "sgaExpense": 827.5,
        "totalOperatingExpense": 827.5
      },
      {
        "costOfGoodsSold": 524.5,
        "dilutedAverageSharesOutstanding": 283.2,
        "dilutedEPS": -0.06,
        "ebit": -18.7,
        "grossIncome": 764.4,
        "interestExpense": 24.4,
        "interestIncomeExpense": -20.5,
        "netIncome": -17.7,
        "netIncomeAfterTaxes": -17.7,
        "nonRecurringItems": -3.1,
        "period": "2017-09-30",
        "pretaxIncome": -42.3,
        "provisionforIncomeTaxes": -24.6,
        "revenue": 1288.9,
        "sgaExpense": 783.1,
        "totalOperatingExpense": 783.1
      },
      {
        "costOfGoodsSold": 379.3,
        "dilutedAverageSharesOutstanding": 284.6,
        "dilutedEPS": 0.53,
        "ebit": 199.8,
        "grossIncome": 754.5,
        "interestIncomeExpense": -13.6,
        "netIncome": 151.7,
        "netIncomeAfterTaxes": 151.7,
        "nonRecurringItems": -6.8,
        "period": "2017-07-01",
        "pretaxIncome": 179.4,
        "provisionforIncomeTaxes": 27.7,
        "revenue": 1133.8,
        "sgaExpense": 554.7,
        "totalOperatingExpense": 554.7
      },
      {
        "costOfGoodsSold": 289.5,
        "dilutedAverageSharesOutstanding": 282.9,
        "dilutedEPS": 0.43,
        "ebit": 157.5,
        "grossIncome": 705.7,
        "interestIncomeExpense": -4,
        "netIncome": 122.2,
        "netIncomeAfterTaxes": 122.2,
        "nonRecurringItems": -6.4,
        "period": "2017-04-01",
        "pretaxIncome": 147.1,
        "provisionforIncomeTaxes": 24.9,
        "revenue": 995.2,
        "sgaExpense": 548.2,
        "totalOperatingExpense": 548.2
      },
      {
        "costOfGoodsSold": 415.5,
        "dilutedAverageSharesOutstanding": 281.8,
        "dilutedEPS": 0.71,
        "ebit": 281.1,
        "grossIncome": 906.2,
        "interestIncomeExpense": -5.1,
        "netIncome": 199.7,
        "netIncomeAfterTaxes": 199.7,
        "nonRecurringItems": -3.7,
        "period": "2016-12-31",
        "pretaxIncome": 272.3,
        "provisionforIncomeTaxes": 72.6,
        "revenue": 1321.7,
        "sgaExpense": 625.1,
        "totalOperatingExpense": 625.1
      },
      {
        "costOfGoodsSold": 322.9,
        "dilutedAverageSharesOutstanding": 281.9,
        "dilutedEPS": 0.42,
        "ebit": 173,
        "grossIncome": 714.7,
        "interestIncomeExpense": -5.7,
        "netIncome": 117.4,
        "netIncomeAfterTaxes": 117.4,
        "nonRecurringItems": -7.1,
        "period": "2016-10-01",
        "pretaxIncome": 160.2,
        "provisionforIncomeTaxes": 42.8,
        "revenue": 1037.6,
        "sgaExpense": 541.7,
        "totalOperatingExpense": 541.7
      },
      {
        "costOfGoodsSold": 371.9,
        "dilutedAverageSharesOutstanding": 281.1,
        "dilutedEPS": 0.29,
        "ebit": 116.8,
        "grossIncome": 782.7,
        "interestIncomeExpense": -7.4,
        "netIncome": 81.5,
        "netIncomeAfterTaxes": 81.5,
        "period": "2016-07-02",
        "pretaxIncome": 109.4,
        "provisionforIncomeTaxes": 27.9,
        "revenue": 1154.6,
        "sgaExpense": 665.9,
        "totalOperatingExpense": 665.9
      },
      {
        "costOfGoodsSold": 320.1,
        "dilutedAverageSharesOutstanding": 279.5,
        "dilutedEPS": 0.4,
        "ebit": 134.3,
        "grossIncome": 713,
        "interestIncomeExpense": -6.5,
        "netIncome": 112.5,
        "netIncomeAfterTaxes": 112.5,
        "period": "2016-03-26",
        "pretaxIncome": 127.8,
        "provisionforIncomeTaxes": 15.3,
        "revenue": 1033.1,
        "sgaExpense": 578.7,
        "totalOperatingExpense": 578.7
      },
      {
        "costOfGoodsSold": 414.7,
        "dilutedAverageSharesOutstanding": 278.4,
        "dilutedEPS": 0.61,
        "ebit": 261,
        "grossIncome": 859.1,
        "interestIncomeExpense": -6.3,
        "netIncome": 170.1,
        "netIncomeAfterTaxes": 170.1,
        "period": "2015-12-26",
        "pretaxIncome": 254.7,
        "provisionforIncomeTaxes": 84.6,
        "revenue": 1273.8,
        "sgaExpense": 598.1,
        "totalOperatingExpense": 598.1
      },
      {
        "costOfGoodsSold": 333.8,
        "dilutedAverageSharesOutstanding": 278.3,
        "dilutedEPS": 0.35,
        "ebit": 141.4,
        "grossIncome": 696.5,
        "interestIncomeExpense": -6.7,
        "netIncome": 96.4,
        "netIncomeAfterTaxes": 96.4,
        "period": "2015-09-26",
        "pretaxIncome": 134.7,
        "provisionforIncomeTaxes": 38.3,
        "revenue": 1030.3,
        "sgaExpense": 555.1,
        "totalOperatingExpense": 555.1
      }
    ],
    "symbol": "TPR"
  }
}