{
  "symbol": "MLM",
  "statement": "ic",
  "frequency": "annual",
  "timestamp": "2025-09-19T14:03:37.125509",
  "data": {
    "financials": [
      {
        "costOfGoodsSold": 4658,
        "dilutedAverageSharesOutstanding": 61.6,
        "dilutedEPS": 32.3864,
        "ebit": 1476,
        "grossIncome": 1878,
        "interestExpense": 169,
        "interestIncomeExpense": -169,
        "minorityInterest": -1,
        "netIncome": 1995,
        "netIncomeAfterTaxes": 1996,
        "nonRecurringItems": 1231,
        "otherOperatingExpensesTotal": -45,
        "period": "2024-12-31",
        "pretaxIncome": 2596,
        "provisionforIncomeTaxes": 600,
        "revenue": 6536,
        "sgaExpense": 447,
        "totalOperatingExpense": 402,
        "totalOtherIncomeExpenseNet": 58,
        "year": 2024
      },
      {
        "costOfGoodsSold": 4754.6,
        "dilutedAverageSharesOutstanding": 62.1,
        "dilutedEPS": 18.82,
        "ebit": 1608.2,
        "grossIncome": 2022.6,
        "interestExpense": 165.3,
        "interestIncomeExpense": -165.3,
        "minorityInterest": -0.5,
        "netIncome": 1168.9,
        "netIncomeAfterTaxes": 1200.3,
        "nonRecurringItems": -12.2,
        "otherOperatingExpensesTotal": -28.4,
        "period": "2023-12-31",
        "pretaxIncome": 1492.8,
        "provisionforIncomeTaxes": 292.5,
        "revenue": 6777.2,
        "sgaExpense": 442.8,
        "totalOperatingExpense": 414.4,
        "totalOtherIncomeExpenseNet": 62.1,
        "year": 2023
      },
      {
        "costOfGoodsSold": 4737.4,
        "dilutedAverageSharesOutstanding": 62.5,
        "dilutedEPS": 13.86,
        "ebit": 1063.9,
        "grossIncome": 1423.3,
        "interestExpense": 169,
        "interestIncomeExpense": -169,
        "minorityInterest": 0,
        "netIncome": 866.8,
        "netIncomeAfterTaxes": 856.3,
        "nonRecurringItems": 142.8,
        "otherOperatingExpensesTotal": -37.3,
        "period": "2022-12-31",
        "pretaxIncome": 1091.1,
        "provisionforIncomeTaxes": 234.8,
        "revenue": 6160.7,
        "sgaExpense": 396.7,
        "totalOperatingExpense": 359.4,
        "totalOtherIncomeExpenseNet": 53.4,
        "year": 2022
      },
      {
        "costOfGoodsSold": 4065.6,
        "dilutedAverageSharesOutstanding": 62.6,
        "dilutedEPS": 11.21,
        "ebit": 1010.1,
        "grossIncome": 1348.4,
        "interestExpense": 142.7,
        "interestIncomeExpense": -142.7,
        "minorityInterest": -0.3,
        "netIncome": 702.3,
        "netIncomeAfterTaxes": 702.3,
        "nonRecurringItems": -36.3,
        "otherOperatingExpensesTotal": -12.7,
        "period": "2021-12-31",
        "pretaxIncome": 855.5,
        "provisionforIncomeTaxes": 153.2,
        "revenue": 5414,
        "sgaExpense": 351,
        "totalOperatingExpense": 338.3,
        "totalOtherIncomeExpenseNet": 24.4,
        "year": 2021
      },
      {
        "costOfGoodsSold": 3477.1,
        "dilutedAverageSharesOutstanding": 62.4,
        "dilutedEPS": 11.54,
        "ebit": 1006.7,
        "grossIncome": 1252.8,
        "interestExpense": 118.1,
        "interestIncomeExpense": -118.1,
        "minorityInterest": -0.1,
        "netIncome": 720.4,
        "netIncomeAfterTaxes": 721.1,
        "nonRecurringItems": -1.3,
        "otherOperatingExpensesTotal": -59.8,
        "period": "2020-12-31",
        "pretaxIncome": 889.3,
        "provisionforIncomeTaxes": 168.2,
        "revenue": 4729.9,
        "sgaExpense": 305.9,
        "totalOperatingExpense": 246.1,
        "totalOtherIncomeExpenseNet": 2,
        "year": 2020
      },
      {
        "costOfGoodsSold": 3560.1,
        "dilutedAverageSharesOutstanding": 62.7,
        "dilutedEPS": 9.74,
        "ebit": 885.4,
        "grossIncome": 1179,
        "interestExpense": 129.3,
        "interestIncomeExpense": -129.3,
        "minorityInterest": -0.1,
        "netIncome": 611,
        "netIncomeAfterTaxes": 612,
        "nonRecurringItems": -0.5,
        "otherOperatingExpensesTotal": -9.1,
        "period": "2019-12-31",
        "pretaxIncome": 748.3,
        "provisionforIncomeTaxes": 136.3,
        "revenue": 4739.1,
        "sgaExpense": 302.7,
        "totalOperatingExpense": 293.6,
        "totalOtherIncomeExpenseNet": -7.3,
        "year": 2019
      },
      {
        "costOfGoodsSold": 3277.7,
        "dilutedAverageSharesOutstanding": 63.1,
        "dilutedEPS": 7.43,
        "ebit": 704.2,
        "grossIncome": 966.6,
        "interestExpense": 137.069,
        "interestIncomeExpense": -137.1,
        "minorityInterest": -0.4,
        "netIncome": 469.2,
        "netIncomeAfterTaxes": 470.4,
        "nonRecurringItems": -13.5,
        "otherOperatingExpensesTotal": -18.2,
        "period": "2018-12-31",
        "pretaxIncome": 576.1,
        "provisionforIncomeTaxes": 105.7,
        "revenue": 4244.3,
        "sgaExpense": 280.6,
        "totalOperatingExpense": 262.3,
        "totalOtherIncomeExpenseNet": 22.4,
        "year": 2018
      },
      {
        "costOfGoodsSold": 2993.7,
        "dilutedAverageSharesOutstanding": 63.2,
        "dilutedEPS": 11.25,
        "ebit": 709,
        "grossIncome": 971.9,
        "interestExpense": 91.487,
        "interestIncomeExpense": -91.5,
        "minorityInterest": 0,
        "netIncome": 711.3,
        "netIncomeAfterTaxes": 455.3,
        "nonRecurringItems": -8.6,
        "otherOperatingExpensesTotal": 0.8,
        "period": "2017-12-31",
        "pretaxIncome": 618.9,
        "provisionforIncomeTaxes": 163.6,
        "revenue": 3965.6,
        "sgaExpense": 262.1,
        "totalOperatingExpense": 262.9,
        "totalOtherIncomeExpenseNet": 10,
        "year": 2017
      },
      {
        "costOfGoodsSold": 2909.8,
        "dilutedAverageSharesOutstanding": 63.9,
        "dilutedEPS": 6.63,
        "ebit": 669,
        "grossIncome": 909,
        "interestExpense": 81.677,
        "interestIncomeExpense": -81.7,
        "minorityInterest": -0.1,
        "netIncome": 423.6,
        "netIncomeAfterTaxes": 425.4,
        "nonRecurringItems": -1.7,
        "otherOperatingExpensesTotal": -8,
        "period": "2016-12-31",
        "pretaxIncome": 607,
        "provisionforIncomeTaxes": 181.6,
        "revenue": 3818.7,
        "sgaExpense": 248,
        "totalOperatingExpense": 239.9,
        "totalOtherIncomeExpenseNet": 21.4,
        "year": 2016
      },
      {
        "costOfGoodsSold": 2817.8,
        "dilutedAverageSharesOutstanding": 67,
        "dilutedEPS": 4.29,
        "ebit": 487.9,
        "grossIncome": 721.8,
        "interestExpense": 76.287,
        "interestIncomeExpense": -76.3,
        "minorityInterest": -0.1,
        "netIncome": 287.5,
        "netIncomeAfterTaxes": 288.9,
        "nonRecurringItems": -8.5,
        "otherOperatingExpensesTotal": 15.7,
        "period": "2015-12-31",
        "pretaxIncome": 413.8,
        "provisionforIncomeTaxes": 124.9,
        "revenue": 3539.6,
        "sgaExpense": 218.2,
        "totalOperatingExpense": 233.9,
        "totalOtherIncomeExpenseNet": 10.7,
        "year": 2015
      }
    ],
    "symbol": "MLM"
  }
}