{
  "symbol": "SBAC",
  "statement": "ic",
  "frequency": "annual",
  "timestamp": "2025-09-19T14:06:29.642938",
  "data": {
    "financials": [
      {
        "costOfGoodsSold": 581.727,
        "depreciationAmortization": 269.517,
        "dilutedAverageSharesOutstanding": 108.08,
        "dilutedEPS": 6.935,
        "ebit": 1569.634,
        "grossIncome": 2097.907,
        "interestExpense": 448.704,
        "interestIncomeExpense": -406.742,
        "minorityInterest": 0.859,
        "netIncome": 749.536,
        "netIncomeAfterTaxes": 748.677,
        "nonRecurringItems": -139.811,
        "period": "2024-12-31",
        "pretaxIncome": 772.666,
        "provisionforIncomeTaxes": 23.989,
        "revenue": 2679.634,
        "sgaExpense": 258.756,
        "totalOperatingExpense": 528.273,
        "totalOtherIncomeExpenseNet": -250.415,
        "year": 2024
      },
      {
        "costOfGoodsSold": 612.622,
        "depreciationAmortization": 716.309,
        "dilutedAverageSharesOutstanding": 108.907,
        "dilutedEPS": 4.6077,
        "ebit": 1114.717,
        "grossIncome": 2098.962,
        "interestExpense": 456.514,
        "interestIncomeExpense": -438.209,
        "minorityInterest": 4.397,
        "netIncome": 501.812,
        "netIncomeAfterTaxes": 497.415,
        "nonRecurringItems": -191.058,
        "period": "2023-12-31",
        "pretaxIncome": 548.503,
        "provisionforIncomeTaxes": 51.088,
        "revenue": 2711.584,
        "sgaExpense": 267.936,
        "totalOperatingExpense": 984.245,
        "totalOtherIncomeExpenseNet": 63.053,
        "year": 2023
      },
      {
        "costOfGoodsSold": 668.7,
        "depreciationAmortization": 707.6,
        "dilutedAverageSharesOutstanding": 109.4,
        "dilutedEPS": 4.22,
        "ebit": 995.4,
        "grossIncome": 1964.8,
        "interestExpense": 419.728,
        "interestIncomeExpense": -409.6,
        "minorityInterest": 1.6,
        "netIncome": 461.4,
        "netIncomeAfterTaxes": 459.8,
        "nonRecurringItems": -70.4,
        "period": "2022-12-31",
        "pretaxIncome": 525.8,
        "provisionforIncomeTaxes": 66,
        "revenue": 2633.5,
        "sgaExpense": 261.9,
        "totalOperatingExpense": 969.4,
        "totalOtherIncomeExpenseNet": 10.5,
        "year": 2022
      },
      {
        "costOfGoodsSold": 545.5,
        "depreciationAmortization": 700.2,
        "dilutedAverageSharesOutstanding": 111.2,
        "dilutedEPS": 2.14,
        "ebit": 843.2,
        "grossIncome": 1763.4,
        "interestExpense": 419.593,
        "interestIncomeExpense": -416.1,
        "minorityInterest": 0,
        "netIncome": 237.6,
        "netIncomeAfterTaxes": 237.6,
        "nonRecurringItems": -100.2,
        "period": "2021-12-31",
        "pretaxIncome": 252.6,
        "provisionforIncomeTaxes": 14.9,
        "revenue": 2308.8,
        "sgaExpense": 220,
        "totalOperatingExpense": 920.1,
        "totalOtherIncomeExpenseNet": -74.3,
        "year": 2021
      },
      {
        "costOfGoodsSold": 476.5,
        "depreciationAmortization": 722,
        "dilutedAverageSharesOutstanding": 113.5,
        "dilutedEPS": 0.21,
        "ebit": 690.3,
        "grossIncome": 1606.6,
        "interestExpense": 412.802,
        "interestIncomeExpense": -409.8,
        "minorityInterest": 0.1,
        "netIncome": 24.1,
        "netIncomeAfterTaxes": 24,
        "nonRecurringItems": -76.1,
        "period": "2020-12-31",
        "pretaxIncome": -17.7,
        "provisionforIncomeTaxes": -41.8,
        "revenue": 2083.1,
        "sgaExpense": 194.3,
        "totalOperatingExpense": 916.3,
        "totalOtherIncomeExpenseNet": -222.2,
        "year": 2020
      },
      {
        "costOfGoodsSold": 493,
        "depreciationAmortization": 697.1,
        "dilutedAverageSharesOutstanding": 114.7,
        "dilutedEPS": 1.28,
        "ebit": 631.8,
        "grossIncome": 1521.6,
        "interestExpense": 415.695,
        "interestIncomeExpense": -410.2,
        "minorityInterest": -0.3,
        "netIncome": 147,
        "netIncomeAfterTaxes": 147.3,
        "nonRecurringItems": -48.8,
        "period": "2019-12-31",
        "pretaxIncome": 186.9,
        "provisionforIncomeTaxes": 39.6,
        "revenue": 2014.6,
        "sgaExpense": 192.7,
        "totalOperatingExpense": 889.8,
        "totalOtherIncomeExpenseNet": 14.1,
        "year": 2019
      },
      {
        "costOfGoodsSold": 468.8,
        "depreciationAmortization": 672.1,
        "dilutedAverageSharesOutstanding": 116.5,
        "dilutedEPS": 0.4,
        "ebit": 582.2,
        "grossIncome": 1396.9,
        "interestExpense": 399.146,
        "interestIncomeExpense": -392.4,
        "netIncome": 47.5,
        "netIncomeAfterTaxes": 41.4,
        "nonRecurringItems": -52.5,
        "period": "2018-12-31",
        "pretaxIncome": 51.7,
        "provisionforIncomeTaxes": 10.3,
        "revenue": 1865.7,
        "sgaExpense": 142.5,
        "totalOperatingExpense": 814.7,
        "totalOtherIncomeExpenseNet": -85.6,
        "year": 2018
      },
      {
        "costOfGoodsSold": 446.3,
        "depreciationAmortization": 643.1,
        "dilutedAverageSharesOutstanding": 121,
        "dilutedEPS": 0.85,
        "ebit": 507.5,
        "grossIncome": 1281.4,
        "interestExpense": 348.568,
        "interestIncomeExpense": -337.2,
        "netIncome": 103.7,
        "netIncomeAfterTaxes": 135.2,
        "nonRecurringItems": -51,
        "period": "2017-12-31",
        "pretaxIncome": 116.9,
        "provisionforIncomeTaxes": -18.3,
        "revenue": 1727.7,
        "sgaExpense": 130.7,
        "totalOperatingExpense": 773.8,
        "totalOtherIncomeExpenseNet": -2.4,
        "year": 2017
      },
      {
        "costOfGoodsSold": 420.9,
        "depreciationAmortization": 638.2,
        "dilutedAverageSharesOutstanding": 125.1,
        "dilutedEPS": 0.61,
        "ebit": 430.7,
        "grossIncome": 1212.2,
        "interestExpense": 352.51,
        "interestIncomeExpense": -341.6,
        "netIncome": 76.2,
        "netIncomeAfterTaxes": 76.2,
        "nonRecurringItems": -96.1,
        "period": "2016-12-31",
        "pretaxIncome": 87.3,
        "provisionforIncomeTaxes": 11.1,
        "revenue": 1633.1,
        "sgaExpense": 143.3,
        "totalOperatingExpense": 781.5,
        "totalOtherIncomeExpenseNet": 94.3,
        "year": 2016
      },
      {
        "costOfGoodsSold": 444.4,
        "depreciationAmortization": 660,
        "dilutedAverageSharesOutstanding": 127.8,
        "dilutedEPS": -1.37,
        "ebit": 419.1,
        "grossIncome": 1194.1,
        "interestExpense": 343.025,
        "interestIncomeExpense": -339.1,
        "netIncome": -175.7,
        "netIncomeAfterTaxes": -175.7,
        "nonRecurringItems": -107.4,
        "period": "2015-12-31",
        "pretaxIncome": -166.6,
        "provisionforIncomeTaxes": 9.1,
        "revenue": 1638.5,
        "sgaExpense": 115,
        "totalOperatingExpense": 775,
        "totalOtherIncomeExpenseNet": -139.1,
        "year": 2015
      }
    ],
    "symbol": "SBAC"
  }
}