{
  "symbol": "AMGN",
  "statement": "ic",
  "frequency": "annual",
  "timestamp": "2025-09-19T13:55:58.589991",
  "data": {
    "financials": [
      {
        "costOfGoodsSold": 10458,
        "dilutedAverageSharesOutstanding": 541,
        "dilutedEPS": 7.5601,
        "ebit": 9658,
        "grossIncome": 22966,
        "interestExpense": 3155,
        "interestIncomeExpense": -3301,
        "netIncome": 4090,
        "netIncomeAfterTaxes": 4090,
        "nonRecurringItems": -2185,
        "otherOperatingExpensesTotal": 248,
        "period": "2024-12-31",
        "pretaxIncome": 4609,
        "provisionforIncomeTaxes": 519,
        "researchDevelopment": 5964,
        "revenue": 33424,
        "sgaExpense": 7096,
        "totalOperatingExpense": 13308,
        "totalOtherIncomeExpenseNet": 437,
        "year": 2024
      },
      {
        "costOfGoodsSold": 8415,
        "depreciationAmortization": 55,
        "dilutedAverageSharesOutstanding": 538,
        "dilutedEPS": 12.4851,
        "ebit": 8164,
        "grossIncome": 19775,
        "interestExpense": 2875,
        "interestIncomeExpense": -2637,
        "netIncome": 6717,
        "netIncomeAfterTaxes": 6717,
        "nonRecurringItems": -42,
        "otherOperatingExpensesTotal": 635,
        "period": "2023-12-31",
        "pretaxIncome": 7855,
        "provisionforIncomeTaxes": 1138,
        "researchDevelopment": 4755,
        "revenue": 28190,
        "sgaExpense": 6166,
        "totalOperatingExpense": 11611,
        "totalOtherIncomeExpenseNet": 2370,
        "year": 2023
      },
      {
        "costOfGoodsSold": 6406,
        "dilutedAverageSharesOutstanding": 541,
        "dilutedEPS": 12.11,
        "ebit": 10133,
        "grossIncome": 19917,
        "interestExpense": 1406,
        "interestIncomeExpense": -1406,
        "netIncome": 6552,
        "netIncomeAfterTaxes": 6552,
        "nonRecurringItems": -489,
        "otherOperatingExpensesTotal": -64,
        "period": "2022-12-31",
        "pretaxIncome": 7346,
        "provisionforIncomeTaxes": 794,
        "researchDevelopment": 4434,
        "revenue": 26323,
        "sgaExpense": 5414,
        "totalOperatingExpense": 9784,
        "totalOtherIncomeExpenseNet": -892,
        "year": 2022
      },
      {
        "costOfGoodsSold": 6454,
        "dilutedAverageSharesOutstanding": 573,
        "dilutedEPS": 10.28,
        "ebit": 9144,
        "grossIncome": 19525,
        "interestExpense": 1197,
        "interestIncomeExpense": -1197,
        "netIncome": 5893,
        "netIncomeAfterTaxes": 5893,
        "nonRecurringItems": -1505,
        "otherOperatingExpensesTotal": 194,
        "period": "2021-12-31",
        "pretaxIncome": 6701,
        "provisionforIncomeTaxes": 808,
        "researchDevelopment": 4819,
        "revenue": 25979,
        "sgaExpense": 5368,
        "totalOperatingExpense": 10381,
        "totalOtherIncomeExpenseNet": 259,
        "year": 2021
      },
      {
        "costOfGoodsSold": 6159,
        "dilutedAverageSharesOutstanding": 590,
        "dilutedEPS": 12.31,
        "ebit": 9139,
        "grossIncome": 19265,
        "interestExpense": 1262,
        "interestIncomeExpense": -1006,
        "netIncome": 7264,
        "netIncomeAfterTaxes": 7264,
        "otherOperatingExpensesTotal": 189,
        "period": "2020-12-31",
        "pretaxIncome": 8133,
        "provisionforIncomeTaxes": 869,
        "researchDevelopment": 4207,
        "revenue": 25424,
        "sgaExpense": 5730,
        "totalOperatingExpense": 10126,
        "year": 2020
      },
      {
        "costOfGoodsSold": 4356,
        "dilutedAverageSharesOutstanding": 609,
        "dilutedEPS": 12.88,
        "ebit": 9721,
        "grossIncome": 19006,
        "interestExpense": 1289,
        "interestIncomeExpense": -536,
        "netIncome": 7842,
        "netIncomeAfterTaxes": 7842,
        "nonRecurringItems": -47,
        "otherOperatingExpensesTotal": 19,
        "period": "2019-12-31",
        "pretaxIncome": 9138,
        "provisionforIncomeTaxes": 1296,
        "researchDevelopment": 4116,
        "revenue": 23362,
        "sgaExpense": 5150,
        "totalOperatingExpense": 9285,
        "year": 2019
      },
      {
        "costOfGoodsSold": 4101,
        "dilutedAverageSharesOutstanding": 665,
        "dilutedEPS": 12.62,
        "ebit": 10635,
        "grossIncome": 19646,
        "interestExpense": 1392,
        "interestIncomeExpense": -798,
        "netIncome": 8394,
        "netIncomeAfterTaxes": 8394,
        "nonRecurringItems": -292,
        "otherOperatingExpensesTotal": -58,
        "period": "2018-12-31",
        "pretaxIncome": 9545,
        "provisionforIncomeTaxes": 1151,
        "researchDevelopment": 3737,
        "revenue": 23747,
        "sgaExpense": 5332,
        "totalOperatingExpense": 9011,
        "year": 2018
      },
      {
        "costOfGoodsSold": 4069,
        "dilutedAverageSharesOutstanding": 735,
        "dilutedEPS": 2.69,
        "ebit": 10340,
        "grossIncome": 18780,
        "interestExpense": 1304,
        "interestIncomeExpense": -376,
        "netIncome": 1979,
        "netIncomeAfterTaxes": 8079,
        "nonRecurringItems": -367,
        "otherOperatingExpensesTotal": 8,
        "period": "2017-12-31",
        "pretaxIncome": 9597,
        "provisionforIncomeTaxes": 1518,
        "researchDevelopment": 3562,
        "revenue": 22849,
        "sgaExpense": 4870,
        "totalOperatingExpense": 8440,
        "year": 2017
      },
      {
        "costOfGoodsSold": 4162,
        "dilutedAverageSharesOutstanding": 754,
        "dilutedEPS": 10.24,
        "ebit": 9788,
        "grossIncome": 18829,
        "interestExpense": 1260,
        "interestIncomeExpense": -631,
        "netIncome": 7722,
        "netIncomeAfterTaxes": 7722,
        "nonRecurringItems": 6,
        "otherOperatingExpensesTotal": 139,
        "period": "2016-12-31",
        "pretaxIncome": 9163,
        "provisionforIncomeTaxes": 1441,
        "researchDevelopment": 3840,
        "revenue": 22991,
        "sgaExpense": 5062,
        "totalOperatingExpense": 9041,
        "year": 2016
      },
      {
        "costOfGoodsSold": 4227,
        "dilutedAverageSharesOutstanding": 766,
        "dilutedEPS": 9.06,
        "ebit": 8530,
        "grossIncome": 17435,
        "interestExpense": 1079,
        "interestIncomeExpense": -492,
        "netIncome": 6939,
        "netIncomeAfterTaxes": 6939,
        "nonRecurringItems": -60,
        "otherOperatingExpensesTotal": -11,
        "period": "2015-12-31",
        "pretaxIncome": 7978,
        "provisionforIncomeTaxes": 1039,
        "researchDevelopment": 4070,
        "revenue": 21662,
        "sgaExpense": 4846,
        "totalOperatingExpense": 8905,
        "year": 2015
      }
    ],
    "symbol": "AMGN"
  }
}