{
  "symbol": "VLO",
  "statement": "ic",
  "frequency": "annual",
  "timestamp": "2025-09-19T14:08:07.106660",
  "data": {
    "financials": [
      {
        "costOfGoodsSold": 125076,
        "depreciationAmortization": 45,
        "dilutedAverageSharesOutstanding": 322,
        "dilutedEPS": 8.5776,
        "ebit": 3755,
        "grossIncome": 4805,
        "interestExpense": 556,
        "interestIncomeExpense": -556,
        "minorityInterest": -236,
        "netIncome": 2762,
        "netIncomeAfterTaxes": 3006,
        "nonRecurringItems": 0,
        "otherOperatingExpensesTotal": 44,
        "period": "2024-12-31",
        "pretaxIncome": 3698,
        "provisionforIncomeTaxes": 692,
        "revenue": 129881,
        "sgaExpense": 961,
        "totalOperatingExpense": 1050,
        "totalOtherIncomeExpenseNet": 499,
        "year": 2024
      },
      {
        "costOfGoodsSold": 131834,
        "depreciationAmortization": 43,
        "dilutedAverageSharesOutstanding": 353,
        "dilutedEPS": 24.9518,
        "ebit": 11858,
        "grossIncome": 12932,
        "interestExpense": 592,
        "interestIncomeExpense": -101,
        "minorityInterest": -314,
        "netIncome": 8808,
        "netIncomeAfterTaxes": 9149,
        "nonRecurringItems": 11,
        "otherOperatingExpensesTotal": 33,
        "period": "2023-12-31",
        "pretaxIncome": 11768,
        "provisionforIncomeTaxes": 2619,
        "revenue": 144766,
        "sgaExpense": 998,
        "totalOperatingExpense": 1074,
        "year": 2023
      },
      {
        "costOfGoodsSold": 159610,
        "depreciationAmortization": 45,
        "dilutedAverageSharesOutstanding": 396,
        "dilutedEPS": 29.0025,
        "ebit": 15748,
        "grossIncome": 16773,
        "interestExpense": 562,
        "interestIncomeExpense": -562,
        "minorityInterest": -351,
        "netIncome": 11485,
        "netIncomeAfterTaxes": 11879,
        "nonRecurringItems": -251,
        "otherOperatingExpensesTotal": 66,
        "period": "2022-12-31",
        "pretaxIncome": 15307,
        "provisionforIncomeTaxes": 3428,
        "revenue": 176383,
        "sgaExpense": 914,
        "totalOperatingExpense": 1025,
        "totalOtherIncomeExpenseNet": 372,
        "year": 2022
      },
      {
        "costOfGoodsSold": 110848,
        "depreciationAmortization": 47,
        "dilutedAverageSharesOutstanding": 407,
        "dilutedEPS": 2.2703,
        "ebit": 2130,
        "grossIncome": 3129,
        "interestExpense": 603,
        "interestIncomeExpense": -603,
        "minorityInterest": -358,
        "netIncome": 924,
        "netIncomeAfterTaxes": 1288,
        "nonRecurringItems": 0,
        "otherOperatingExpensesTotal": 87,
        "period": "2021-12-31",
        "pretaxIncome": 1543,
        "provisionforIncomeTaxes": 255,
        "revenue": 113977,
        "sgaExpense": 865,
        "totalOperatingExpense": 999,
        "totalOtherIncomeExpenseNet": 16,
        "year": 2021
      },
      {
        "costOfGoodsSold": 65671,
        "depreciationAmortization": 48,
        "dilutedAverageSharesOutstanding": 407,
        "dilutedEPS": -3.5,
        "ebit": -1598,
        "grossIncome": -759,
        "interestExpense": 563,
        "interestIncomeExpense": -563,
        "minorityInterest": -314,
        "netIncome": -1426,
        "netIncomeAfterTaxes": -1107,
        "nonRecurringItems": 19,
        "otherOperatingExpensesTotal": 35,
        "period": "2020-12-31",
        "pretaxIncome": -2010,
        "provisionforIncomeTaxes": -903,
        "revenue": 64912,
        "sgaExpense": 756,
        "totalOperatingExpense": 839,
        "totalOtherIncomeExpenseNet": 132,
        "year": 2020
      },
      {
        "costOfGoodsSold": 103635,
        "depreciationAmortization": 53,
        "dilutedAverageSharesOutstanding": 414,
        "dilutedEPS": 5.83,
        "ebit": 3747,
        "grossIncome": 4689,
        "interestExpense": 454,
        "interestIncomeExpense": -290,
        "minorityInterest": -362,
        "netIncome": 2415,
        "netIncomeAfterTaxes": 2784,
        "otherOperatingExpensesTotal": 21,
        "period": "2019-12-31",
        "pretaxIncome": 3486,
        "provisionforIncomeTaxes": 702,
        "revenue": 108324,
        "sgaExpense": 868,
        "totalOperatingExpense": 942,
        "totalOtherIncomeExpenseNet": 29,
        "year": 2019
      },
      {
        "costOfGoodsSold": 111274,
        "depreciationAmortization": 52,
        "dilutedAverageSharesOutstanding": 428,
        "dilutedEPS": 7.27,
        "ebit": 4737,
        "grossIncome": 5759,
        "interestExpense": 470,
        "interestIncomeExpense": -635,
        "minorityInterest": -231,
        "netIncome": 3113,
        "netIncomeAfterTaxes": 3336,
        "nonRecurringItems": 0,
        "otherOperatingExpensesTotal": 45,
        "period": "2018-12-31",
        "pretaxIncome": 4232,
        "provisionforIncomeTaxes": 896,
        "revenue": 117033,
        "sgaExpense": 925,
        "totalOperatingExpense": 1022,
        "totalOtherIncomeExpenseNet": 130,
        "year": 2018
      },
      {
        "costOfGoodsSold": 89197,
        "depreciationAmortization": 52,
        "dilutedAverageSharesOutstanding": 444,
        "dilutedEPS": 9.12,
        "ebit": 3841,
        "grossIncome": 4783,
        "interestExpense": 468,
        "interestIncomeExpense": -746,
        "minorityInterest": -91,
        "netIncome": 4051,
        "netIncomeAfterTaxes": 2294,
        "nonRecurringItems": 0,
        "otherOperatingExpensesTotal": 61,
        "period": "2017-12-31",
        "pretaxIncome": 3207,
        "provisionforIncomeTaxes": 913,
        "revenue": 93980,
        "sgaExpense": 829,
        "totalOperatingExpense": 942,
        "totalOtherIncomeExpenseNet": 112,
        "year": 2017
      },
      {
        "costOfGoodsSold": 71226,
        "depreciationAmortization": 48,
        "dilutedAverageSharesOutstanding": 464,
        "dilutedEPS": 4.92,
        "ebit": 3676,
        "grossIncome": 4433,
        "interestExpense": 446,
        "interestIncomeExpense": -532,
        "minorityInterest": -128,
        "netIncome": 2282,
        "netIncomeAfterTaxes": 2417,
        "nonRecurringItems": -56,
        "otherOperatingExpensesTotal": 0,
        "period": "2016-12-31",
        "pretaxIncome": 3182,
        "provisionforIncomeTaxes": 765,
        "revenue": 75659,
        "sgaExpense": 709,
        "totalOperatingExpense": 757,
        "totalOtherIncomeExpenseNet": 94,
        "year": 2016
      },
      {
        "costOfGoodsSold": 80265,
        "dilutedAverageSharesOutstanding": 500,
        "dilutedEPS": 7.97,
        "ebit": 6829,
        "grossIncome": 7539,
        "interestExpense": 433,
        "interestIncomeExpense": -904,
        "minorityInterest": -111,
        "netIncome": 3987,
        "netIncomeAfterTaxes": 4101,
        "nonRecurringItems": 0,
        "period": "2015-12-31",
        "pretaxIncome": 5971,
        "provisionforIncomeTaxes": 1870,
        "revenue": 87804,
        "sgaExpense": 710,
        "totalOperatingExpense": 710,
        "totalOtherIncomeExpenseNet": 46,
        "year": 2015
      }
    ],
    "symbol": "VLO"
  }
}