{
  "symbol": "ADP",
  "statement": "ic",
  "frequency": "annual",
  "timestamp": "2025-09-19T13:56:27.155162",
  "data": {
    "financials": [
      {
        "costOfGoodsSold": 11060.9,
        "dilutedAverageSharesOutstanding": 408.7,
        "dilutedEPS": 9.9821,
        "ebit": 5431.2,
        "gainLossOnDispositionOfAssets": 5,
        "grossIncome": 9500,
        "interestExpense": 455.9,
        "interestIncomeExpense": -138.1,
        "netIncome": 4079.7,
        "netIncomeAfterTaxes": 4079.7,
        "nonRecurringItems": -19.3,
        "period": "2025-06-30",
        "pretaxIncome": 5310.1,
        "provisionforIncomeTaxes": 1230.4,
        "researchDevelopment": 36.4,
        "revenue": 20560.9,
        "sgaExpense": 4032.4,
        "totalOperatingExpense": 4068.8,
        "totalOtherIncomeExpenseNet": 31.3,
        "year": 2025
      },
      {
        "costOfGoodsSold": 10442.7,
        "dilutedAverageSharesOutstanding": 412.2,
        "dilutedEPS": 9.1,
        "ebit": 4989,
        "gainLossOnDispositionOfAssets": 17.1,
        "grossIncome": 8759.9,
        "interestExpense": 361.4,
        "interestIncomeExpense": -126,
        "netIncome": 3752,
        "netIncomeAfterTaxes": 3752,
        "nonRecurringItems": -42,
        "period": "2024-06-30",
        "pretaxIncome": 4872.3,
        "provisionforIncomeTaxes": 1120.3,
        "researchDevelopment": 34,
        "revenue": 19202.6,
        "sgaExpense": 3736.9,
        "totalOperatingExpense": 3770.9,
        "totalOtherIncomeExpenseNet": 34.2,
        "year": 2024
      },
      {
        "costOfGoodsSold": 9922.6,
        "dilutedAverageSharesOutstanding": 415.7,
        "dilutedEPS": 8.21,
        "ebit": 4507.4,
        "gainLossOnDispositionOfAssets": 0,
        "grossIncome": 8089.6,
        "interestExpense": 253.3,
        "interestIncomeExpense": -118.5,
        "netIncome": 3412,
        "netIncomeAfterTaxes": 3412,
        "nonRecurringItems": -2.1,
        "period": "2023-06-30",
        "pretaxIncome": 4437.6,
        "provisionforIncomeTaxes": 1025.6,
        "researchDevelopment": 30.8,
        "revenue": 18012.2,
        "sgaExpense": 3551.4,
        "totalOperatingExpense": 3582.2,
        "totalOtherIncomeExpenseNet": 50.8,
        "year": 2023
      },
      {
        "costOfGoodsSold": 9435.6,
        "dilutedAverageSharesOutstanding": 421.1,
        "dilutedEPS": 7,
        "ebit": 3803.2,
        "gainLossOnDispositionOfAssets": 7.5,
        "grossIncome": 7062.7,
        "interestExpense": 81.9,
        "interestIncomeExpense": -45.3,
        "netIncome": 2948.9,
        "netIncomeAfterTaxes": 2948.9,
        "nonRecurringItems": -23,
        "period": "2022-06-30",
        "pretaxIncome": 3804.1,
        "provisionforIncomeTaxes": 855.2,
        "researchDevelopment": 26.3,
        "revenue": 16498.3,
        "sgaExpense": 3233.2,
        "totalOperatingExpense": 3259.5,
        "totalOtherIncomeExpenseNet": 61.7,
        "year": 2022
      },
      {
        "costOfGoodsSold": 8616.8,
        "dilutedAverageSharesOutstanding": 428.1,
        "dilutedEPS": 6.07,
        "ebit": 3324.6,
        "gainLossOnDispositionOfAssets": 8.1,
        "grossIncome": 6388.6,
        "interestExpense": 59.7,
        "interestIncomeExpense": -10.2,
        "netIncome": 2598.5,
        "netIncomeAfterTaxes": 2598.5,
        "nonRecurringItems": -19.9,
        "period": "2021-06-30",
        "pretaxIncome": 3361.2,
        "provisionforIncomeTaxes": 762.7,
        "researchDevelopment": 23.5,
        "revenue": 15005.4,
        "sgaExpense": 3040.5,
        "totalOperatingExpense": 3064,
        "totalOtherIncomeExpenseNet": 58.6,
        "year": 2021
      },
      {
        "costOfGoodsSold": 8427.1,
        "dilutedAverageSharesOutstanding": 432.7,
        "dilutedEPS": 5.69,
        "ebit": 3141.7,
        "gainLossOnDispositionOfAssets": 5.8,
        "grossIncome": 6162.7,
        "interestExpense": 107.1,
        "interestIncomeExpense": -9.5,
        "netIncome": 2466.5,
        "netIncomeAfterTaxes": 2460.2,
        "nonRecurringItems": -29.9,
        "period": "2020-06-30",
        "pretaxIncome": 3182.6,
        "provisionforIncomeTaxes": 722.4,
        "researchDevelopment": 18,
        "revenue": 14589.8,
        "sgaExpense": 3003,
        "totalOperatingExpense": 3021,
        "totalOtherIncomeExpenseNet": 74.5,
        "year": 2020
      },
      {
        "costOfGoodsSold": 8002.4,
        "dilutedAverageSharesOutstanding": 437.6,
        "dilutedEPS": 5.24,
        "ebit": 3024.4,
        "gainLossOnDispositionOfAssets": 4.1,
        "grossIncome": 6107.8,
        "interestExpense": 129.9,
        "interestIncomeExpense": -17.5,
        "netIncome": 2292.8,
        "netIncomeAfterTaxes": 2293.3,
        "nonRecurringItems": -12.1,
        "period": "2019-06-30",
        "pretaxIncome": 3005.6,
        "provisionforIncomeTaxes": 712.3,
        "researchDevelopment": 19.2,
        "revenue": 14110.2,
        "sgaExpense": 3064.2,
        "totalOperatingExpense": 3083.4,
        "totalOtherIncomeExpenseNet": 6.7,
        "year": 2019
      },
      {
        "costOfGoodsSold": 7733.6,
        "dilutedAverageSharesOutstanding": 443.3,
        "dilutedEPS": 4.25,
        "ebit": 2557.4,
        "gainLossOnDispositionOfAssets": 0.7,
        "grossIncome": 5540.6,
        "interestExpense": 102.7,
        "interestIncomeExpense": -21.7,
        "netIncome": 1884.9,
        "netIncomeAfterTaxes": 2068.1,
        "nonRecurringItems": 0,
        "period": "2018-06-30",
        "pretaxIncome": 2282.6,
        "provisionforIncomeTaxes": 214.5,
        "researchDevelopment": 23.8,
        "revenue": 13274.2,
        "sgaExpense": 2959.4,
        "totalOperatingExpense": 2983.2,
        "totalOtherIncomeExpenseNet": -253.8,
        "year": 2018
      },
      {
        "costOfGoodsSold": 7226.3,
        "dilutedAverageSharesOutstanding": 450.3,
        "dilutedEPS": 3.97,
        "ebit": 2443.7,
        "gainLossOnDispositionOfAssets": 0,
        "grossIncome": 5145.7,
        "interestExpense": 80,
        "interestIncomeExpense": -1.1,
        "netIncome": 1787.8,
        "netIncomeAfterTaxes": 1787.8,
        "nonRecurringItems": 115.4,
        "period": "2017-06-30",
        "pretaxIncome": 2616.9,
        "provisionforIncomeTaxes": 829.1,
        "researchDevelopment": 18.2,
        "revenue": 12372,
        "sgaExpense": 2683.8,
        "totalOperatingExpense": 2702,
        "totalOtherIncomeExpenseNet": 58.9,
        "year": 2017
      },
      {
        "costOfGoodsSold": 6823.2,
        "dilutedAverageSharesOutstanding": 459.1,
        "dilutedEPS": 3.25,
        "ebit": 2190.5,
        "gainLossOnDispositionOfAssets": 13.9,
        "grossIncome": 4844.6,
        "interestExpense": 56.2,
        "interestIncomeExpense": 1.2,
        "netIncome": 1492.5,
        "netIncomeAfterTaxes": 1493.4,
        "nonRecurringItems": 29.1,
        "period": "2016-06-30",
        "pretaxIncome": 2234.7,
        "provisionforIncomeTaxes": 741.3,
        "researchDevelopment": 17.1,
        "revenue": 11667.8,
        "sgaExpense": 2637,
        "totalOperatingExpense": 2654.1,
        "year": 2016
      }
    ],
    "symbol": "ADP"
  }
}