{
  "symbol": "BR",
  "statement": "ic",
  "frequency": "quarterly",
  "timestamp": "2025-09-19T13:57:04.857612",
  "data": {
    "financials": [
      {
        "costOfGoodsSold": 1295.6,
        "dilutedAverageSharesOutstanding": 118.3,
        "dilutedEPS": 3.1631,
        "ebit": 498.7,
        "grossIncome": 769.8,
        "interestExpense": 29.8,
        "interestIncomeExpense": -26.6,
        "netIncome": 374.2,
        "netIncomeAfterTaxes": 374.3,
        "period": "2025-06-30",
        "pretaxIncome": 471.6,
        "provisionforIncomeTaxes": 97.3,
        "revenue": 2065.4,
        "sgaExpense": 271.1,
        "totalOperatingExpense": 271.1,
        "totalOtherIncomeExpenseNet": -0.5
      },
      {
        "costOfGoodsSold": 1235.9,
        "dilutedAverageSharesOutstanding": 118.5,
        "dilutedEPS": 2.0515,
        "ebit": 344.9,
        "grossIncome": 575.8,
        "interestExpense": 33.5,
        "interestIncomeExpense": -31.1,
        "netIncome": 243.1,
        "netIncomeAfterTaxes": 243.2,
        "period": "2025-03-31",
        "pretaxIncome": 311,
        "provisionforIncomeTaxes": 67.8,
        "revenue": 1811.7,
        "sgaExpense": 230.9,
        "totalOperatingExpense": 230.9,
        "totalOtherIncomeExpenseNet": -2.8
      },
      {
        "costOfGoodsSold": 1145.8,
        "dilutedAverageSharesOutstanding": 118.3,
        "dilutedEPS": 1.2037,
        "ebit": 210.7,
        "grossIncome": 443.4,
        "interestExpense": 36.6,
        "interestIncomeExpense": -32.7,
        "netIncome": 142.4,
        "netIncomeAfterTaxes": 142.4,
        "otherOperatingExpensesTotal": -0.1,
        "period": "2024-12-31",
        "pretaxIncome": 176,
        "provisionforIncomeTaxes": 33.6,
        "revenue": 1589.2,
        "sgaExpense": 232.8,
        "totalOperatingExpense": 232.7,
        "totalOtherIncomeExpenseNet": -2
      },
      {
        "costOfGoodsSold": 1075,
        "dilutedAverageSharesOutstanding": 118.1,
        "dilutedEPS": 0.6757,
        "ebit": 134.4,
        "grossIncome": 347.9,
        "interestExpense": 35.9,
        "interestIncomeExpense": -32.3,
        "netIncome": 79.8,
        "netIncomeAfterTaxes": 79.8,
        "otherOperatingExpensesTotal": 0.1,
        "period": "2024-09-30",
        "pretaxIncome": 100.3,
        "provisionforIncomeTaxes": 20.5,
        "revenue": 1422.9,
        "sgaExpense": 213.4,
        "totalOperatingExpense": 213.5,
        "totalOtherIncomeExpenseNet": -1.8
      },
      {
        "costOfGoodsSold": 1253.1,
        "dilutedAverageSharesOutstanding": 118.8,
        "dilutedEPS": 2.7205,
        "ebit": 441.4,
        "grossIncome": 691.2,
        "interestExpense": 35.7,
        "interestIncomeExpense": -33,
        "netIncome": 323.2,
        "netIncomeAfterTaxes": 323.2,
        "period": "2024-06-30",
        "pretaxIncome": 410.2,
        "provisionforIncomeTaxes": 87,
        "revenue": 1944.3,
        "sgaExpense": 249.8,
        "totalOperatingExpense": 249.8,
        "totalOtherIncomeExpenseNet": 1.8
      },
      {
        "costOfGoodsSold": 1187.3,
        "dilutedAverageSharesOutstanding": 119.4,
        "dilutedEPS": 1.7898,
        "ebit": 302.9,
        "grossIncome": 539.2,
        "interestExpense": 38.2,
        "interestIncomeExpense": -35.3,
        "netIncome": 213.7,
        "netIncomeAfterTaxes": 213.8,
        "otherOperatingExpensesTotal": 0.1,
        "period": "2024-03-31",
        "pretaxIncome": 266.7,
        "provisionforIncomeTaxes": 52.9,
        "revenue": 1726.5,
        "sgaExpense": 236.2,
        "totalOperatingExpense": 236.3,
        "totalOtherIncomeExpenseNet": -0.9
      },
      {
        "costOfGoodsSold": 1057.2,
        "dilutedAverageSharesOutstanding": 119.1,
        "dilutedEPS": 0.5903,
        "ebit": 124.4,
        "grossIncome": 347.8,
        "interestExpense": 40,
        "interestIncomeExpense": -36.3,
        "netIncome": 70.3,
        "netIncomeAfterTaxes": 70.2,
        "period": "2023-12-31",
        "pretaxIncome": 87.6,
        "provisionforIncomeTaxes": 17.4,
        "revenue": 1405,
        "sgaExpense": 223.4,
        "totalOperatingExpense": 223.4,
        "totalOtherIncomeExpenseNet": -0.5
      },
      {
        "costOfGoodsSold": 1075.3,
        "dilutedAverageSharesOutstanding": 119.2,
        "dilutedEPS": 0.76,
        "ebit": 148.4,
        "grossIncome": 355.8,
        "interestExpense": 36.4,
        "interestIncomeExpense": -33.4,
        "netIncome": 90.9,
        "netIncomeAfterTaxes": 90.9,
        "otherOperatingExpensesTotal": 0.1,
        "period": "2023-09-30",
        "pretaxIncome": 112.9,
        "provisionforIncomeTaxes": 22,
        "revenue": 1431.1,
        "sgaExpense": 207.3,
        "totalOperatingExpense": 207.4,
        "totalOtherIncomeExpenseNet": -2.1
      },
      {
        "costOfGoodsSold": 1159.1,
        "dilutedAverageSharesOutstanding": 119.3,
        "dilutedEPS": 2.72,
        "ebit": 454.2,
        "grossIncome": 679.9,
        "interestExpense": 39.1,
        "interestIncomeExpense": -36,
        "netIncome": 324.1,
        "netIncomeAfterTaxes": 324.1,
        "period": "2023-06-30",
        "pretaxIncome": 417.5,
        "provisionforIncomeTaxes": 93.4,
        "revenue": 1839,
        "sgaExpense": 225.7,
        "totalOperatingExpense": 225.7,
        "totalOtherIncomeExpenseNet": -0.7
      },
      {
        "costOfGoodsSold": 1137.7,
        "dilutedAverageSharesOutstanding": 119.1,
        "dilutedEPS": 1.67,
        "ebit": 286.8,
        "grossIncome": 508,
        "interestExpense": 40.3,
        "interestIncomeExpense": -38.5,
        "netIncome": 198.5,
        "netIncomeAfterTaxes": 198.5,
        "period": "2023-03-31",
        "pretaxIncome": 250.1,
        "provisionforIncomeTaxes": 51.6,
        "revenue": 1645.7,
        "sgaExpense": 221.2,
        "totalOperatingExpense": 221.2,
        "totalOtherIncomeExpenseNet": 1.8
      },
      {
        "costOfGoodsSold": 988.2,
        "dilutedAverageSharesOutstanding": 118.9,
        "dilutedEPS": 0.48,
        "ebit": 107.9,
        "grossIncome": 304.7,
        "interestExpense": 36.3,
        "interestIncomeExpense": -34.1,
        "netIncome": 57.5,
        "netIncomeAfterTaxes": 57.5,
        "period": "2022-12-31",
        "pretaxIncome": 71.9,
        "provisionforIncomeTaxes": 14.4,
        "revenue": 1292.9,
        "sgaExpense": 196.8,
        "totalOperatingExpense": 196.8,
        "totalOtherIncomeExpenseNet": -1.9
      },
      {
        "costOfGoodsSold": 990.4,
        "dilutedAverageSharesOutstanding": 118.9,
        "dilutedEPS": 0.42,
        "ebit": 87.5,
        "grossIncome": 292.9,
        "interestExpense": 28,
        "interestIncomeExpense": -26.9,
        "netIncome": 50.4,
        "netIncomeAfterTaxes": 50.4,
        "otherOperatingExpensesTotal": 0.1,
        "period": "2022-09-30",
        "pretaxIncome": 55.4,
        "provisionforIncomeTaxes": 5,
        "revenue": 1283.3,
        "sgaExpense": 205.3,
        "totalOperatingExpense": 205.4,
        "totalOtherIncomeExpenseNet": -5.2
      },
      {
        "costOfGoodsSold": 1146.8,
        "dilutedAverageSharesOutstanding": 118.5,
        "dilutedEPS": 2.09,
        "ebit": 341.7,
        "grossIncome": 576.1,
        "interestExpense": 21.6,
        "interestIncomeExpense": -20.7,
        "netIncome": 248.1,
        "netIncomeAfterTaxes": 248.1,
        "period": "2022-06-30",
        "pretaxIncome": 318.8,
        "provisionforIncomeTaxes": 70.7,
        "revenue": 1722.9,
        "sgaExpense": 234.4,
        "totalOperatingExpense": 234.4,
        "totalOtherIncomeExpenseNet": -2.2
      },
      {
        "costOfGoodsSold": 1077.6,
        "dilutedAverageSharesOutstanding": 118.6,
        "dilutedEPS": 1.49,
        "ebit": 246,
        "grossIncome": 456.1,
        "interestExpense": 20.3,
        "interestIncomeExpense": -20,
        "netIncome": 176.6,
        "netIncomeAfterTaxes": 176.5,
        "period": "2022-03-31",
        "pretaxIncome": 223.3,
        "provisionforIncomeTaxes": 46.8,
        "revenue": 1533.7,
        "sgaExpense": 210.1,
        "totalOperatingExpense": 210.1,
        "totalOtherIncomeExpenseNet": -2.7
      },
      {
        "costOfGoodsSold": 978.4,
        "dilutedAverageSharesOutstanding": 118.7,
        "dilutedEPS": 0.4,
        "ebit": 68.9,
        "grossIncome": 281.2,
        "interestExpense": 22.8,
        "interestIncomeExpense": -21.4,
        "netIncome": 47.2,
        "netIncomeAfterTaxes": 47.2,
        "period": "2021-12-31",
        "pretaxIncome": 51.9,
        "provisionforIncomeTaxes": 4.7,
        "revenue": 1259.6,
        "sgaExpense": 212.3,
        "totalOperatingExpense": 212.3,
        "totalOtherIncomeExpenseNet": 4.4
      },
      {
        "costOfGoodsSold": 914.1,
        "dilutedAverageSharesOutstanding": 118.3,
        "dilutedEPS": 0.57,
        "ebit": 103.3,
        "grossIncome": 278.8,
        "interestExpense": 23,
        "interestIncomeExpense": -22.6,
        "netIncome": 67.2,
        "netIncomeAfterTaxes": 67.3,
        "period": "2021-09-30",
        "pretaxIncome": 78.3,
        "provisionforIncomeTaxes": 11,
        "revenue": 1192.9,
        "sgaExpense": 175.5,
        "totalOperatingExpense": 175.5,
        "totalOtherIncomeExpenseNet": -2.4
      },
      {
        "costOfGoodsSold": 1016.7,
        "dilutedAverageSharesOutstanding": 118.1,
        "dilutedEPS": 2.2,
        "ebit": 281.4,
        "grossIncome": 514.9,
        "interestExpense": 18.3,
        "interestIncomeExpense": -17.9,
        "netIncome": 260.4,
        "netIncomeAfterTaxes": 260.3,
        "period": "2021-06-30",
        "pretaxIncome": 336.3,
        "provisionforIncomeTaxes": 76,
        "revenue": 1531.6,
        "sgaExpense": 233.5,
        "totalOperatingExpense": 233.5,
        "totalOtherIncomeExpenseNet": 72.8
      },
      {
        "costOfGoodsSold": 960.5,
        "dilutedAverageSharesOutstanding": 118,
        "dilutedEPS": 1.4,
        "ebit": 239.2,
        "grossIncome": 429.3,
        "interestExpense": 12,
        "interestIncomeExpense": -11.8,
        "netIncome": 165,
        "netIncomeAfterTaxes": 164.9,
        "otherOperatingExpensesTotal": 0.1,
        "period": "2021-03-31",
        "pretaxIncome": 216.8,
        "provisionforIncomeTaxes": 51.9,
        "revenue": 1389.8,
        "sgaExpense": 190,
        "totalOperatingExpense": 190.1,
        "totalOtherIncomeExpenseNet": -10.6
      },
      {
        "costOfGoodsSold": 806.5,
        "dilutedAverageSharesOutstanding": 117.8,
        "dilutedEPS": 0.48,
        "ebit": 79.5,
        "grossIncome": 248.4,
        "interestExpense": 12.1,
        "interestIncomeExpense": -11.1,
        "netIncome": 56.3,
        "netIncomeAfterTaxes": 56.3,
        "otherOperatingExpensesTotal": -0.1,
        "period": "2020-12-31",
        "pretaxIncome": 69.4,
        "provisionforIncomeTaxes": 13.1,
        "revenue": 1054.9,
        "sgaExpense": 169,
        "totalOperatingExpense": 168.9,
        "totalOtherIncomeExpenseNet": 1
      },
      {
        "costOfGoodsSold": 787.1,
        "dilutedAverageSharesOutstanding": 117.4,
        "dilutedEPS": 0.56,
        "ebit": 78.6,
        "grossIncome": 230.3,
        "interestExpense": 15,
        "interestIncomeExpense": -14.4,
        "netIncome": 65.8,
        "netIncomeAfterTaxes": 65.9,
        "period": "2020-09-30",
        "pretaxIncome": 73.7,
        "provisionforIncomeTaxes": 7.8,
        "revenue": 1017.4,
        "sgaExpense": 151.7,
        "totalOperatingExpense": 151.7,
        "totalOtherIncomeExpenseNet": 9.5
      },
      {
        "costOfGoodsSold": 884.2,
        "dilutedAverageSharesOutstanding": 116.7,
        "dilutedEPS": 1.97,
        "ebit": 298.8,
        "grossIncome": 477.7,
        "interestExpense": 16.2,
        "interestIncomeExpense": -15.6,
        "netIncome": 229.7,
        "netIncomeAfterTaxes": 229.7,
        "period": "2020-06-30",
        "pretaxIncome": 294.7,
        "provisionforIncomeTaxes": 65,
        "revenue": 1361.9,
        "sgaExpense": 178.9,
        "totalOperatingExpense": 178.9,
        "totalOtherIncomeExpenseNet": 11.5
      },
      {
        "costOfGoodsSold": 872.5,
        "dilutedAverageSharesOutstanding": 117,
        "dilutedEPS": 1.43,
        "ebit": 226.3,
        "grossIncome": 377.4,
        "interestExpense": 16.7,
        "interestIncomeExpense": -16.2,
        "netIncome": 166.8,
        "netIncomeAfterTaxes": 166.9,
        "otherOperatingExpensesTotal": 0,
        "period": "2020-03-31",
        "pretaxIncome": 210.5,
        "provisionforIncomeTaxes": 43.6,
        "revenue": 1249.9,
        "sgaExpense": 151.1,
        "totalOperatingExpense": 151.1,
        "totalOtherIncomeExpenseNet": 0.4
      },
      {
        "costOfGoodsSold": 780.9,
        "dilutedAverageSharesOutstanding": 117.2,
        "dilutedEPS": 0.09,
        "ebit": 26.8,
        "grossIncome": 187.8,
        "interestExpense": 15.5,
        "interestIncomeExpense": -13.9,
        "netIncome": 10.1,
        "netIncomeAfterTaxes": 10.1,
        "period": "2019-12-31",
        "pretaxIncome": 10.5,
        "provisionforIncomeTaxes": 0.4,
        "revenue": 968.7,
        "sgaExpense": 161,
        "totalOperatingExpense": 161,
        "totalOtherIncomeExpenseNet": -2.4
      },
      {
        "costOfGoodsSold": 727.5,
        "dilutedAverageSharesOutstanding": 117.1,
        "dilutedEPS": 0.48,
        "ebit": 73.1,
        "grossIncome": 221.1,
        "interestExpense": 14.2,
        "interestIncomeExpense": -13.1,
        "netIncome": 55.9,
        "netIncomeAfterTaxes": 55.9,
        "otherOperatingExpensesTotal": 0,
        "period": "2019-09-30",
        "pretaxIncome": 63.8,
        "provisionforIncomeTaxes": 7.9,
        "revenue": 948.6,
        "sgaExpense": 148,
        "totalOperatingExpense": 148,
        "totalOtherIncomeExpenseNet": 3.8
      },
      {
        "costOfGoodsSold": 811.6,
        "dilutedAverageSharesOutstanding": 117.9,
        "dilutedEPS": 1.56,
        "ebit": 240.8,
        "grossIncome": 399.6,
        "interestExpense": 12.6,
        "interestIncomeExpense": -11.4,
        "netIncome": 183.3,
        "netIncomeAfterTaxes": 183.8,
        "period": "2019-06-30",
        "pretaxIncome": 230.1,
        "provisionforIncomeTaxes": 46.3,
        "revenue": 1211.2,
        "sgaExpense": 158.8,
        "totalOperatingExpense": 158.8,
        "totalOtherIncomeExpenseNet": 0.7
      },
      {
        "costOfGoodsSold": 847.3,
        "dilutedAverageSharesOutstanding": 118.5,
        "dilutedEPS": 1.45,
        "ebit": 233.6,
        "grossIncome": 377.5,
        "interestExpense": 11.7,
        "interestIncomeExpense": -11.5,
        "netIncome": 172.2,
        "netIncomeAfterTaxes": 172.2,
        "period": "2019-03-31",
        "pretaxIncome": 223.6,
        "provisionforIncomeTaxes": 51.4,
        "revenue": 1224.8,
        "sgaExpense": 143.9,
        "totalOperatingExpense": 143.9,
        "totalOtherIncomeExpenseNet": 1.5
      },
      {
        "costOfGoodsSold": 734,
        "dilutedAverageSharesOutstanding": 119.1,
        "dilutedEPS": 0.42,
        "ebit": 78.2,
        "grossIncome": 219.4,
        "interestExpense": 11.3,
        "interestIncomeExpense": -12.4,
        "netIncome": 49.9,
        "netIncomeAfterTaxes": 49.9,
        "period": "2018-12-31",
        "pretaxIncome": 64.3,
        "provisionforIncomeTaxes": 14.4,
        "revenue": 953.4,
        "sgaExpense": 141.2,
        "totalOperatingExpense": 141.2,
        "totalOtherIncomeExpenseNet": -1.5
      },
      {
        "costOfGoodsSold": 739,
        "dilutedAverageSharesOutstanding": 119.7,
        "dilutedEPS": 0.64,
        "ebit": 100.1,
        "grossIncome": 233.8,
        "interestExpense": 10.2,
        "interestIncomeExpense": -10.6,
        "netIncome": 76.7,
        "netIncomeAfterTaxes": 76.7,
        "period": "2018-09-30",
        "pretaxIncome": 89.3,
        "provisionforIncomeTaxes": 12.6,
        "revenue": 972.8,
        "sgaExpense": 133.7,
        "totalOperatingExpense": 133.7,
        "totalOtherIncomeExpenseNet": -0.2
      },
      {
        "costOfGoodsSold": 870.1,
        "dilutedAverageSharesOutstanding": 120.7,
        "dilutedEPS": 1.71,
        "ebit": 265.4,
        "grossIncome": 450.3,
        "interestExpense": 11.1,
        "interestIncomeExpense": -7.4,
        "netIncome": 206.8,
        "netIncomeAfterTaxes": 206.2,
        "period": "2018-06-30",
        "pretaxIncome": 258,
        "provisionforIncomeTaxes": 51.8,
        "revenue": 1320.4,
        "sgaExpense": 184.9,
        "totalOperatingExpense": 184.9
      },
      {
        "costOfGoodsSold": 803.1,
        "dilutedAverageSharesOutstanding": 120.9,
        "dilutedEPS": 0.9,
        "ebit": 130,
        "grossIncome": 268.8,
        "interestExpense": 10.5,
        "interestIncomeExpense": -10.3,
        "netIncome": 109.1,
        "netIncomeAfterTaxes": 109,
        "period": "2018-03-31",
        "pretaxIncome": 125.2,
        "provisionforIncomeTaxes": 16.2,
        "revenue": 1071.9,
        "sgaExpense": 138.8,
        "totalOperatingExpense": 138.8,
        "totalOtherIncomeExpenseNet": 5.5
      },
      {
        "costOfGoodsSold": 769.8,
        "dilutedAverageSharesOutstanding": 120.3,
        "dilutedEPS": 0.51,
        "ebit": 115.1,
        "grossIncome": 243,
        "interestExpense": 10.8,
        "interestIncomeExpense": -11.6,
        "netIncome": 62.1,
        "netIncomeAfterTaxes": 78.2,
        "period": "2017-12-31",
        "pretaxIncome": 103.5,
        "provisionforIncomeTaxes": 25.3,
        "revenue": 1012.8,
        "sgaExpense": 127.9,
        "totalOperatingExpense": 127.9
      },
      {
        "costOfGoodsSold": 726.6,
        "dilutedAverageSharesOutstanding": 119.8,
        "dilutedEPS": 0.42,
        "ebit": 84.4,
        "grossIncome": 198.2,
        "interestExpense": 10,
        "interestIncomeExpense": -10.1,
        "netIncome": 49.9,
        "netIncomeAfterTaxes": 49.9,
        "otherOperatingExpensesTotal": 0,
        "period": "2017-09-30",
        "pretaxIncome": 74.3,
        "provisionforIncomeTaxes": 24.4,
        "revenue": 924.8,
        "sgaExpense": 113.8,
        "totalOperatingExpense": 113.8
      },
      {
        "costOfGoodsSold": 910.1,
        "dilutedAverageSharesOutstanding": 119.3,
        "dilutedEPS": 1.57,
        "ebit": 297.1,
        "grossIncome": 435.7,
        "interestExpense": 11.3,
        "interestIncomeExpense": -10.9,
        "netIncome": 187.1,
        "netIncomeAfterTaxes": 187,
        "period": "2017-06-30",
        "pretaxIncome": 284.6,
        "provisionforIncomeTaxes": 97.6,
        "revenue": 1345.8,
        "sgaExpense": 138.6,
        "totalOperatingExpense": 138.6,
        "totalOtherIncomeExpenseNet": -1.6
      },
      {
        "costOfGoodsSold": 773.7,
        "dilutedAverageSharesOutstanding": 120.7,
        "dilutedEPS": 0.63,
        "ebit": 109.7,
        "grossIncome": 235.2,
        "interestExpense": 11.7,
        "interestIncomeExpense": -10.8,
        "netIncome": 75.9,
        "netIncomeAfterTaxes": 75.9,
        "period": "2017-03-31",
        "pretaxIncome": 106.3,
        "provisionforIncomeTaxes": 30.4,
        "revenue": 1008.9,
        "sgaExpense": 125.5,
        "totalOperatingExpense": 125.5,
        "totalOtherIncomeExpenseNet": 7.4
      },
      {
        "costOfGoodsSold": 707.8,
        "dilutedAverageSharesOutstanding": 121.5,
        "dilutedEPS": 0.25,
        "ebit": 58.8,
        "grossIncome": 184.8,
        "interestExpense": 11,
        "interestIncomeExpense": -10.6,
        "netIncome": 30.1,
        "netIncomeAfterTaxes": 30.1,
        "period": "2016-12-31",
        "pretaxIncome": 45.7,
        "provisionforIncomeTaxes": 15.6,
        "revenue": 892.6,
        "sgaExpense": 126,
        "totalOperatingExpense": 126,
        "totalOtherIncomeExpenseNet": -2.5
      },
      {
        "costOfGoodsSold": 717.9,
        "dilutedAverageSharesOutstanding": 121.6,
        "dilutedEPS": 0.28,
        "ebit": 66,
        "grossIncome": 177.4,
        "interestExpense": 10.7,
        "interestIncomeExpense": -10.4,
        "netIncome": 33.7,
        "netIncomeAfterTaxes": 33.6,
        "otherOperatingExpensesTotal": 0.1,
        "period": "2016-09-30",
        "pretaxIncome": 51.5,
        "provisionforIncomeTaxes": 17.9,
        "revenue": 895.3,
        "sgaExpense": 111.3,
        "totalOperatingExpense": 111.4,
        "totalOtherIncomeExpenseNet": -4.1
      },
      {
        "costOfGoodsSold": 586.3,
        "dilutedAverageSharesOutstanding": 121,
        "dilutedEPS": 1.41,
        "ebit": 270.3,
        "grossIncome": 388.2,
        "interestExpense": 7.3,
        "interestIncomeExpense": -7.9,
        "netIncome": 170.1,
        "netIncomeAfterTaxes": 170,
        "period": "2016-06-30",
        "pretaxIncome": 262.5,
        "provisionforIncomeTaxes": 92.5,
        "revenue": 974.5,
        "sgaExpense": 117.9,
        "totalOperatingExpense": 117.9,
        "totalOtherIncomeExpenseNet": 0.1
      },
      {
        "costOfGoodsSold": 486.5,
        "dilutedAverageSharesOutstanding": 121.7,
        "dilutedEPS": 0.52,
        "ebit": 100.6,
        "grossIncome": 202.3,
        "interestExpense": 7.4,
        "interestIncomeExpense": -7.2,
        "netIncome": 63.7,
        "netIncomeAfterTaxes": 63.7,
        "period": "2016-03-31",
        "pretaxIncome": 93.4,
        "provisionforIncomeTaxes": 29.7,
        "revenue": 688.8,
        "sgaExpense": 101.7,
        "totalOperatingExpense": 101.7
      },
      {
        "costOfGoodsSold": 464.5,
        "dilutedAverageSharesOutstanding": 122,
        "dilutedEPS": 0.33,
        "ebit": 70.2,
        "grossIncome": 174.4,
        "interestExpense": 7,
        "interestIncomeExpense": -8.9,
        "netIncome": 40.2,
        "netIncomeAfterTaxes": 40.2,
        "period": "2015-12-31",
        "pretaxIncome": 61.3,
        "provisionforIncomeTaxes": 21.1,
        "revenue": 638.9,
        "sgaExpense": 104.2,
        "totalOperatingExpense": 104.2
      },
      {
        "costOfGoodsSold": 438.6,
        "dilutedAverageSharesOutstanding": 121.7,
        "dilutedEPS": 0.28,
        "ebit": 59,
        "grossIncome": 156.1,
        "interestExpense": 6.8,
        "interestIncomeExpense": -8.3,
        "netIncome": 33.5,
        "netIncomeAfterTaxes": 33.5,
        "period": "2015-09-30",
        "pretaxIncome": 51.6,
        "provisionforIncomeTaxes": 18.1,
        "revenue": 594.7,
        "sgaExpense": 97.1,
        "totalOperatingExpense": 97.1,
        "totalOtherIncomeExpenseNet": 0.9
      }
    ],
    "symbol": "BR"
  }
}