{
  "symbol": "MA",
  "statement": "ic",
  "frequency": "quarterly",
  "timestamp": "2025-09-19T14:03:40.717343",
  "data": {
    "financials": [
      {
        "depreciationAmortization": 281,
        "dilutedAverageSharesOutstanding": 909,
        "dilutedEPS": 4.07,
        "ebit": 4914,
        "interestExpense": 195,
        "interestIncomeExpense": -162,
        "netIncome": 3701,
        "netIncomeAfterTaxes": 3701,
        "nonRecurringItems": -96,
        "period": "2025-06-30",
        "pretaxIncome": 4672,
        "provisionforIncomeTaxes": 971,
        "revenue": 8133,
        "sgaExpense": 2938,
        "totalOperatingExpense": 3219,
        "totalOtherIncomeExpenseNet": 16
      },
      {
        "depreciationAmortization": 275,
        "dilutedAverageSharesOutstanding": 914,
        "dilutedEPS": 3.59,
        "ebit": 4301,
        "interestExpense": 182,
        "interestIncomeExpense": -124,
        "netIncome": 3280,
        "netIncomeAfterTaxes": 3280,
        "nonRecurringItems": -151,
        "period": "2025-03-31",
        "pretaxIncome": 4031,
        "provisionforIncomeTaxes": 751,
        "revenue": 7250,
        "sgaExpense": 2674,
        "totalOperatingExpense": 2949,
        "totalOtherIncomeExpenseNet": 5
      },
      {
        "depreciationAmortization": 231,
        "dilutedAverageSharesOutstanding": 918,
        "dilutedEPS": 3.64,
        "ebit": 4234,
        "interestExpense": 184,
        "interestIncomeExpense": -64,
        "netIncome": 3342,
        "netIncomeAfterTaxes": 3342,
        "nonRecurringItems": -280,
        "period": "2024-12-31",
        "pretaxIncome": 3891,
        "provisionforIncomeTaxes": 549,
        "revenue": 7489,
        "sgaExpense": 3024,
        "totalOperatingExpense": 3255,
        "totalOtherIncomeExpenseNet": 1
      },
      {
        "depreciationAmortization": 225,
        "dilutedAverageSharesOutstanding": 925,
        "dilutedEPS": 3.53,
        "ebit": 4386,
        "interestExpense": 159,
        "interestIncomeExpense": -161,
        "netIncome": 3263,
        "netIncomeAfterTaxes": 3263,
        "nonRecurringItems": -366,
        "period": "2024-09-30",
        "pretaxIncome": 3866,
        "provisionforIncomeTaxes": 603,
        "revenue": 7369,
        "sgaExpense": 2758,
        "totalOperatingExpense": 2983,
        "totalOtherIncomeExpenseNet": 7
      },
      {
        "depreciationAmortization": 225,
        "dilutedAverageSharesOutstanding": 930,
        "dilutedEPS": 3.5,
        "ebit": 4139,
        "interestExpense": 153,
        "interestIncomeExpense": -111,
        "netIncome": 3258,
        "netIncomeAfterTaxes": 3258,
        "nonRecurringItems": -98,
        "period": "2024-06-30",
        "pretaxIncome": 3939,
        "provisionforIncomeTaxes": 681,
        "revenue": 6961,
        "sgaExpense": 2597,
        "totalOperatingExpense": 2822,
        "totalOtherIncomeExpenseNet": 9
      },
      {
        "depreciationAmortization": 216,
        "dilutedAverageSharesOutstanding": 935,
        "dilutedEPS": 3.22,
        "ebit": 3758,
        "interestExpense": 150,
        "interestIncomeExpense": -77,
        "netIncome": 3011,
        "netIncomeAfterTaxes": 3011,
        "nonRecurringItems": -126,
        "period": "2024-03-31",
        "pretaxIncome": 3558,
        "provisionforIncomeTaxes": 547,
        "revenue": 6348,
        "sgaExpense": 2374,
        "totalOperatingExpense": 2590,
        "totalOtherIncomeExpenseNet": 3
      },
      {
        "depreciationAmortization": 205,
        "dilutedAverageSharesOutstanding": 937,
        "dilutedEPS": 2.98,
        "ebit": 3698,
        "interestExpense": 148,
        "interestIncomeExpense": -43,
        "netIncome": 2791,
        "netIncomeAfterTaxes": 2791,
        "nonRecurringItems": -308,
        "period": "2023-12-31",
        "pretaxIncome": 3321,
        "provisionforIncomeTaxes": 530,
        "revenue": 6548,
        "sgaExpense": 2645,
        "totalOperatingExpense": 2850,
        "totalOtherIncomeExpenseNet": -26
      },
      {
        "depreciationAmortization": 211,
        "dilutedAverageSharesOutstanding": 943,
        "dilutedEPS": 3.39,
        "ebit": 3869,
        "interestExpense": 151,
        "interestIncomeExpense": -111,
        "netIncome": 3198,
        "netIncomeAfterTaxes": 3198,
        "nonRecurringItems": 0,
        "period": "2023-09-30",
        "pretaxIncome": 3761,
        "provisionforIncomeTaxes": 563,
        "revenue": 6533,
        "sgaExpense": 2453,
        "totalOperatingExpense": 2664,
        "totalOtherIncomeExpenseNet": 3
      },
      {
        "depreciationAmortization": 192,
        "dilutedAverageSharesOutstanding": 949,
        "dilutedEPS": 3,
        "ebit": 3700,
        "interestExpense": 144,
        "interestIncomeExpense": 14,
        "netIncome": 2845,
        "netIncomeAfterTaxes": 2845,
        "nonRecurringItems": -20,
        "period": "2023-06-30",
        "pretaxIncome": 3704,
        "provisionforIncomeTaxes": 859,
        "revenue": 6269,
        "sgaExpense": 2377,
        "totalOperatingExpense": 2569,
        "totalOtherIncomeExpenseNet": 10
      },
      {
        "depreciationAmortization": 191,
        "dilutedAverageSharesOutstanding": 956,
        "dilutedEPS": 2.47,
        "ebit": 3363,
        "interestExpense": 132,
        "interestIncomeExpense": -305,
        "netIncome": 2361,
        "netIncomeAfterTaxes": 2361,
        "nonRecurringItems": -211,
        "period": "2023-03-31",
        "pretaxIncome": 2853,
        "provisionforIncomeTaxes": 492,
        "revenue": 5748,
        "sgaExpense": 2194,
        "totalOperatingExpense": 2385,
        "totalOtherIncomeExpenseNet": 6
      },
      {
        "depreciationAmortization": 184,
        "dilutedAverageSharesOutstanding": 962,
        "dilutedEPS": 2.62,
        "ebit": 3192,
        "interestExpense": 127,
        "interestIncomeExpense": -99,
        "netIncome": 2525,
        "netIncomeAfterTaxes": 2525,
        "nonRecurringItems": -15,
        "period": "2022-12-31",
        "pretaxIncome": 3089,
        "provisionforIncomeTaxes": 564,
        "revenue": 5817,
        "sgaExpense": 2441,
        "totalOperatingExpense": 2625,
        "totalOtherIncomeExpenseNet": 11
      },
      {
        "depreciationAmortization": 185,
        "dilutedAverageSharesOutstanding": 968,
        "dilutedEPS": 2.58,
        "ebit": 3358,
        "interestExpense": 120,
        "interestIncomeExpense": -82,
        "netIncome": 2499,
        "netIncomeAfterTaxes": 2499,
        "nonRecurringItems": -208,
        "period": "2022-09-30",
        "pretaxIncome": 3072,
        "provisionforIncomeTaxes": 573,
        "revenue": 5756,
        "sgaExpense": 2213,
        "totalOperatingExpense": 2398,
        "totalOtherIncomeExpenseNet": 4
      },
      {
        "depreciationAmortization": 189,
        "dilutedAverageSharesOutstanding": 974,
        "dilutedEPS": 2.34,
        "ebit": 3219,
        "interestExpense": 114,
        "interestIncomeExpense": -259,
        "netIncome": 2275,
        "netIncomeAfterTaxes": 2275,
        "nonRecurringItems": -166,
        "period": "2022-06-30",
        "pretaxIncome": 2798,
        "provisionforIncomeTaxes": 523,
        "revenue": 5497,
        "sgaExpense": 2089,
        "totalOperatingExpense": 2278,
        "totalOtherIncomeExpenseNet": 4
      },
      {
        "depreciationAmortization": 192,
        "dilutedAverageSharesOutstanding": 981,
        "dilutedEPS": 2.68,
        "ebit": 3020,
        "interestExpense": 110,
        "interestIncomeExpense": -217,
        "netIncome": 2631,
        "netIncomeAfterTaxes": 2631,
        "nonRecurringItems": -34,
        "period": "2022-03-31",
        "pretaxIncome": 2773,
        "provisionforIncomeTaxes": 142,
        "revenue": 5167,
        "sgaExpense": 1955,
        "totalOperatingExpense": 2147,
        "totalOtherIncomeExpenseNet": 4
      },
      {
        "depreciationAmortization": 189,
        "dilutedAverageSharesOutstanding": 986,
        "dilutedEPS": 2.41,
        "ebit": 2843,
        "interestExpense": 108,
        "interestIncomeExpense": -11,
        "netIncome": 2379,
        "netIncomeAfterTaxes": 2379,
        "nonRecurringItems": 0,
        "period": "2021-12-31",
        "pretaxIncome": 2823,
        "provisionforIncomeTaxes": 444,
        "revenue": 5216,
        "sgaExpense": 2184,
        "totalOperatingExpense": 2373,
        "totalOtherIncomeExpenseNet": -9
      },
      {
        "depreciationAmortization": 188,
        "dilutedAverageSharesOutstanding": 990,
        "dilutedEPS": 2.44,
        "ebit": 2763,
        "interestExpense": 110,
        "interestIncomeExpense": 73,
        "netIncome": 2414,
        "netIncomeAfterTaxes": 2414,
        "nonRecurringItems": -27,
        "period": "2021-09-30",
        "pretaxIncome": 2816,
        "provisionforIncomeTaxes": 402,
        "revenue": 4985,
        "sgaExpense": 2034,
        "totalOperatingExpense": 2222,
        "totalOtherIncomeExpenseNet": 7
      },
      {
        "depreciationAmortization": 186,
        "dilutedAverageSharesOutstanding": 994,
        "dilutedEPS": 2.08,
        "ebit": 2416,
        "interestExpense": 106,
        "interestIncomeExpense": 132,
        "netIncome": 2066,
        "netIncomeAfterTaxes": 2066,
        "nonRecurringItems": -67,
        "period": "2021-06-30",
        "pretaxIncome": 2478,
        "provisionforIncomeTaxes": 412,
        "revenue": 4528,
        "sgaExpense": 1926,
        "totalOperatingExpense": 2112,
        "totalOtherIncomeExpenseNet": -3
      },
      {
        "depreciationAmortization": 163,
        "dilutedAverageSharesOutstanding": 998,
        "dilutedEPS": 1.83,
        "ebit": 2205,
        "interestExpense": 107,
        "interestIncomeExpense": -20,
        "netIncome": 1828,
        "netIncomeAfterTaxes": 1828,
        "nonRecurringItems": 0,
        "period": "2021-03-31",
        "pretaxIncome": 2190,
        "provisionforIncomeTaxes": 362,
        "revenue": 4155,
        "sgaExpense": 1787,
        "totalOperatingExpense": 1950,
        "totalOtherIncomeExpenseNet": 5
      },
      {
        "depreciationAmortization": 150,
        "dilutedAverageSharesOutstanding": 1000,
        "dilutedEPS": 1.79,
        "ebit": 2122,
        "interestExpense": 105,
        "interestIncomeExpense": 93,
        "netIncome": 1785,
        "netIncomeAfterTaxes": 1785,
        "nonRecurringItems": -45,
        "period": "2020-12-31",
        "pretaxIncome": 2168,
        "provisionforIncomeTaxes": 383,
        "revenue": 4120,
        "sgaExpense": 1848,
        "totalOperatingExpense": 1998,
        "totalOtherIncomeExpenseNet": -2
      },
      {
        "depreciationAmortization": 141,
        "dilutedAverageSharesOutstanding": 1005,
        "dilutedEPS": 1.51,
        "ebit": 2128,
        "interestExpense": 105,
        "interestIncomeExpense": -216,
        "netIncome": 1513,
        "netIncomeAfterTaxes": 1513,
        "nonRecurringItems": 0,
        "period": "2020-09-30",
        "pretaxIncome": 1915,
        "provisionforIncomeTaxes": 402,
        "revenue": 3837,
        "sgaExpense": 1568,
        "totalOperatingExpense": 1709,
        "totalOtherIncomeExpenseNet": 3
      },
      {
        "depreciationAmortization": 145,
        "dilutedAverageSharesOutstanding": 1008,
        "dilutedEPS": 1.41,
        "ebit": 1748,
        "interestExpense": 101,
        "interestIncomeExpense": -37,
        "netIncome": 1420,
        "netIncomeAfterTaxes": 1420,
        "nonRecurringItems": -22,
        "period": "2020-06-30",
        "pretaxIncome": 1690,
        "provisionforIncomeTaxes": 270,
        "revenue": 3335,
        "sgaExpense": 1442,
        "totalOperatingExpense": 1587,
        "totalOtherIncomeExpenseNet": 1
      },
      {
        "depreciationAmortization": 144,
        "dilutedAverageSharesOutstanding": 1010,
        "dilutedEPS": 1.68,
        "ebit": 2058,
        "interestExpense": 69,
        "interestIncomeExpense": -68,
        "netIncome": 1693,
        "netIncomeAfterTaxes": 1693,
        "nonRecurringItems": -6,
        "period": "2020-03-31",
        "pretaxIncome": 1987,
        "provisionforIncomeTaxes": 294,
        "revenue": 4009,
        "sgaExpense": 1807,
        "totalOperatingExpense": 1951,
        "totalOtherIncomeExpenseNet": 3
      },
      {
        "depreciationAmortization": 146,
        "dilutedAverageSharesOutstanding": 1013,
        "dilutedEPS": 2.07,
        "ebit": 2455,
        "interestExpense": 64,
        "interestIncomeExpense": 19,
        "netIncome": 2100,
        "netIncomeAfterTaxes": 2073,
        "nonRecurringItems": 0,
        "period": "2019-12-31",
        "pretaxIncome": 2475,
        "provisionforIncomeTaxes": 402,
        "revenue": 4414,
        "sgaExpense": 1813,
        "totalOperatingExpense": 1959,
        "totalOtherIncomeExpenseNet": 1
      },
      {
        "depreciationAmortization": 137,
        "dilutedAverageSharesOutstanding": 1019.063,
        "dilutedEPS": 2.07,
        "ebit": 2636,
        "interestExpense": 63,
        "interestIncomeExpense": -118,
        "netIncome": 2108,
        "netIncomeAfterTaxes": 2108,
        "nonRecurringItems": 0,
        "period": "2019-09-30",
        "pretaxIncome": 2534,
        "provisionforIncomeTaxes": 426,
        "revenue": 4467,
        "sgaExpense": 1694,
        "totalOperatingExpense": 1831,
        "totalOtherIncomeExpenseNet": 16
      },
      {
        "depreciationAmortization": 122,
        "dilutedAverageSharesOutstanding": 1025.063,
        "dilutedEPS": 2,
        "ebit": 2425,
        "interestExpense": 51,
        "interestIncomeExpense": 88,
        "netIncome": 2048,
        "netIncomeAfterTaxes": 2048,
        "nonRecurringItems": 0,
        "period": "2019-06-30",
        "pretaxIncome": 2519,
        "provisionforIncomeTaxes": 471,
        "revenue": 4113,
        "sgaExpense": 1566,
        "totalOperatingExpense": 1688,
        "totalOtherIncomeExpenseNet": 6
      },
      {
        "depreciationAmortization": 117,
        "dilutedAverageSharesOutstanding": 1032.064,
        "dilutedEPS": 1.8,
        "ebit": 2219,
        "interestExpense": 46,
        "interestIncomeExpense": -20,
        "netIncome": 1862,
        "netIncomeAfterTaxes": 1862,
        "nonRecurringItems": 0,
        "period": "2019-03-31",
        "pretaxIncome": 2203,
        "provisionforIncomeTaxes": 341,
        "revenue": 3889,
        "sgaExpense": 1553,
        "totalOperatingExpense": 1670,
        "totalOtherIncomeExpenseNet": 4
      },
      {
        "depreciationAmortization": 113,
        "dilutedAverageSharesOutstanding": 1038.064,
        "dilutedEPS": 0.86,
        "ebit": 1979,
        "interestExpense": 47,
        "interestIncomeExpense": 8,
        "netIncome": 899,
        "netIncomeAfterTaxes": 824,
        "nonRecurringItems": -757,
        "period": "2018-12-31",
        "pretaxIncome": 1215,
        "provisionforIncomeTaxes": 391,
        "revenue": 3807,
        "sgaExpense": 1715,
        "totalOperatingExpense": 1828,
        "totalOtherIncomeExpenseNet": -15
      },
      {
        "depreciationAmortization": 111,
        "dilutedAverageSharesOutstanding": 1043.065,
        "dilutedEPS": 1.82,
        "ebit": 2305,
        "interestExpense": 48,
        "interestIncomeExpense": -6,
        "netIncome": 1899,
        "netIncomeAfterTaxes": 1899,
        "nonRecurringItems": -29,
        "period": "2018-09-30",
        "pretaxIncome": 2264,
        "provisionforIncomeTaxes": 365,
        "revenue": 3898,
        "sgaExpense": 1482,
        "totalOperatingExpense": 1593,
        "totalOtherIncomeExpenseNet": -6
      },
      {
        "depreciationAmortization": 115,
        "dilutedAverageSharesOutstanding": 1049.065,
        "dilutedEPS": 1.5,
        "ebit": 2046,
        "interestExpense": 48,
        "interestIncomeExpense": 98,
        "netIncome": 1569,
        "netIncomeAfterTaxes": 1569,
        "nonRecurringItems": -225,
        "period": "2018-06-30",
        "pretaxIncome": 1922,
        "provisionforIncomeTaxes": 353,
        "revenue": 3665,
        "sgaExpense": 1504,
        "totalOperatingExpense": 1619,
        "totalOtherIncomeExpenseNet": 3
      },
      {
        "depreciationAmortization": 120,
        "dilutedAverageSharesOutstanding": 1057.065,
        "dilutedEPS": 1.41,
        "ebit": 1991,
        "interestExpense": 43,
        "interestIncomeExpense": -75,
        "netIncome": 1492,
        "netIncomeAfterTaxes": 1492,
        "nonRecurringItems": -117,
        "period": "2018-03-31",
        "pretaxIncome": 1803,
        "provisionforIncomeTaxes": 311,
        "revenue": 3580,
        "sgaExpense": 1469,
        "totalOperatingExpense": 1589,
        "totalOtherIncomeExpenseNet": 4
      },
      {
        "depreciationAmortization": 115,
        "dilutedAverageSharesOutstanding": 1063.066,
        "dilutedEPS": 0.21,
        "ebit": 1545,
        "interestExpense": 41,
        "interestIncomeExpense": -52,
        "netIncome": 227,
        "netIncomeAfterTaxes": 1100,
        "nonRecurringItems": 0,
        "period": "2017-12-31",
        "pretaxIncome": 1484,
        "provisionforIncomeTaxes": 384,
        "revenue": 3312,
        "sgaExpense": 1652,
        "totalOperatingExpense": 1767,
        "totalOtherIncomeExpenseNet": -9
      },
      {
        "depreciationAmortization": 118,
        "dilutedAverageSharesOutstanding": 1068.066,
        "dilutedEPS": 1.34,
        "ebit": 1984,
        "interestExpense": 35,
        "interestIncomeExpense": -63,
        "netIncome": 1430,
        "netIncomeAfterTaxes": 1430,
        "nonRecurringItems": 0,
        "period": "2017-09-30",
        "pretaxIncome": 1932,
        "provisionforIncomeTaxes": 502,
        "revenue": 3398,
        "sgaExpense": 1296,
        "totalOperatingExpense": 1414,
        "totalOtherIncomeExpenseNet": 11
      },
      {
        "depreciationAmortization": 111,
        "dilutedAverageSharesOutstanding": 1075.067,
        "dilutedEPS": 1.09,
        "ebit": 1703,
        "interestExpense": 39,
        "interestIncomeExpense": -75,
        "netIncome": 1177,
        "netIncomeAfterTaxes": 1177,
        "nonRecurringItems": 0,
        "period": "2017-06-30",
        "pretaxIncome": 1628,
        "provisionforIncomeTaxes": 451,
        "revenue": 3053,
        "sgaExpense": 1239,
        "totalOperatingExpense": 1350,
        "totalOtherIncomeExpenseNet": 0
      },
      {
        "depreciationAmortization": 92,
        "dilutedAverageSharesOutstanding": 1082.067,
        "dilutedEPS": 1,
        "ebit": 1586,
        "interestExpense": 39,
        "interestIncomeExpense": -89,
        "netIncome": 1081,
        "netIncomeAfterTaxes": 1081,
        "nonRecurringItems": -15,
        "period": "2017-03-31",
        "pretaxIncome": 1478,
        "provisionforIncomeTaxes": 397,
        "revenue": 2734,
        "sgaExpense": 1056,
        "totalOperatingExpense": 1148,
        "totalOtherIncomeExpenseNet": -4
      },
      {
        "depreciationAmortization": 92,
        "dilutedAverageSharesOutstanding": 1092.068,
        "dilutedEPS": 0.85,
        "ebit": 1412,
        "interestExpense": 30,
        "interestIncomeExpense": -58,
        "netIncome": 933,
        "netIncomeAfterTaxes": 933,
        "nonRecurringItems": -10,
        "period": "2016-12-31",
        "pretaxIncome": 1311,
        "provisionforIncomeTaxes": 378,
        "revenue": 2756,
        "sgaExpense": 1252,
        "totalOperatingExpense": 1344,
        "totalOtherIncomeExpenseNet": -33
      },
      {
        "depreciationAmortization": 93,
        "dilutedAverageSharesOutstanding": 1099.068,
        "dilutedEPS": 1.08,
        "ebit": 1676,
        "interestExpense": 23,
        "interestIncomeExpense": -17,
        "netIncome": 1184,
        "netIncomeAfterTaxes": 1184,
        "nonRecurringItems": 0,
        "period": "2016-09-30",
        "pretaxIncome": 1633,
        "provisionforIncomeTaxes": 449,
        "revenue": 2880,
        "sgaExpense": 1111,
        "totalOperatingExpense": 1204,
        "totalOtherIncomeExpenseNet": -26
      },
      {
        "depreciationAmortization": 93,
        "dilutedAverageSharesOutstanding": 1101.068,
        "dilutedEPS": 0.89,
        "ebit": 1486,
        "interestExpense": 22,
        "interestIncomeExpense": -11,
        "netIncome": 983,
        "netIncomeAfterTaxes": 983,
        "nonRecurringItems": -107,
        "period": "2016-06-30",
        "pretaxIncome": 1365,
        "provisionforIncomeTaxes": 382,
        "revenue": 2694,
        "sgaExpense": 1115,
        "totalOperatingExpense": 1208,
        "totalOtherIncomeExpenseNet": -3
      },
      {
        "depreciationAmortization": 95,
        "dilutedAverageSharesOutstanding": 1112.069,
        "dilutedEPS": 0.86,
        "ebit": 1344,
        "interestExpense": 20,
        "interestIncomeExpense": -6,
        "netIncome": 959,
        "netIncomeAfterTaxes": 959,
        "period": "2016-03-31",
        "pretaxIncome": 1337,
        "provisionforIncomeTaxes": 378,
        "revenue": 2446,
        "sgaExpense": 1007,
        "totalOperatingExpense": 1102,
        "totalOtherIncomeExpenseNet": -1
      },
      {
        "depreciationAmortization": 93,
        "dilutedAverageSharesOutstanding": 1131.07,
        "dilutedEPS": 0.79,
        "ebit": 997,
        "interestExpense": 12,
        "interestIncomeExpense": 103,
        "netIncome": 890,
        "netIncomeAfterTaxes": 890,
        "nonRecurringItems": 0,
        "period": "2015-12-31",
        "pretaxIncome": 1025,
        "provisionforIncomeTaxes": 135,
        "revenue": 2517,
        "sgaExpense": 1427,
        "totalOperatingExpense": 1520,
        "totalOtherIncomeExpenseNet": -75
      },
      {
        "depreciationAmortization": 94,
        "dilutedAverageSharesOutstanding": 1133.07,
        "dilutedEPS": 0.86,
        "ebit": 1392,
        "interestExpense": 15,
        "interestIncomeExpense": -33,
        "netIncome": 977,
        "netIncomeAfterTaxes": 977,
        "nonRecurringItems": 0,
        "period": "2015-09-30",
        "pretaxIncome": 1352,
        "provisionforIncomeTaxes": 375,
        "revenue": 2530,
        "sgaExpense": 1044,
        "totalOperatingExpense": 1138,
        "totalOtherIncomeExpenseNet": -7
      }
    ],
    "symbol": "MA"
  }
}