{
  "symbol": "WAB",
  "statement": "ic",
  "frequency": "annual",
  "timestamp": "2025-09-19T14:08:32.973519",
  "data": {
    "financials": [
      {
        "costOfGoodsSold": 6983,
        "depreciationAmortization": 303,
        "dilutedAverageSharesOutstanding": 174.8,
        "dilutedEPS": 6.0412,
        "ebit": 1665,
        "grossIncome": 3404,
        "interestIncomeExpense": -212,
        "minorityInterest": -11,
        "netIncome": 1056,
        "netIncomeAfterTaxes": 1067,
        "nonRecurringItems": -56,
        "period": "2024-12-31",
        "pretaxIncome": 1410,
        "provisionforIncomeTaxes": 343,
        "researchDevelopment": 206,
        "revenue": 10387,
        "sgaExpense": 1230,
        "totalOperatingExpense": 1739,
        "totalOtherIncomeExpenseNet": 13,
        "year": 2024
      },
      {
        "costOfGoodsSold": 6666,
        "depreciationAmortization": 321,
        "dilutedAverageSharesOutstanding": 179.5,
        "dilutedEPS": 4.5404,
        "ebit": 1369,
        "grossIncome": 3011,
        "interestIncomeExpense": -213,
        "minorityInterest": -10,
        "netIncome": 815,
        "netIncomeAfterTaxes": 825,
        "nonRecurringItems": -103,
        "period": "2023-12-31",
        "pretaxIncome": 1092,
        "provisionforIncomeTaxes": 267,
        "researchDevelopment": 218,
        "revenue": 9677,
        "sgaExpense": 1103,
        "totalOperatingExpense": 1642,
        "totalOtherIncomeExpenseNet": 39,
        "year": 2023
      },
      {
        "costOfGoodsSold": 5740,
        "depreciationAmortization": 291,
        "dilutedAverageSharesOutstanding": 182.8,
        "dilutedEPS": 3.4628,
        "ebit": 1109,
        "grossIncome": 2622,
        "interestIncomeExpense": -163,
        "minorityInterest": -8,
        "netIncome": 633,
        "netIncomeAfterTaxes": 641,
        "nonRecurringItems": -98,
        "period": "2022-12-31",
        "pretaxIncome": 854,
        "provisionforIncomeTaxes": 213,
        "researchDevelopment": 209,
        "revenue": 8362,
        "sgaExpense": 1013,
        "totalOperatingExpense": 1513,
        "totalOtherIncomeExpenseNet": 6,
        "year": 2022
      },
      {
        "costOfGoodsSold": 5400,
        "depreciationAmortization": 287,
        "dilutedAverageSharesOutstanding": 188.1,
        "dilutedEPS": 2.9559,
        "ebit": 957,
        "grossIncome": 2422,
        "interestIncomeExpense": -149,
        "minorityInterest": -7,
        "netIncome": 556,
        "netIncomeAfterTaxes": 565,
        "nonRecurringItems": -81,
        "period": "2021-12-31",
        "pretaxIncome": 737,
        "provisionforIncomeTaxes": 172,
        "researchDevelopment": 176,
        "revenue": 7822,
        "sgaExpense": 1002,
        "totalOperatingExpense": 1465,
        "totalOtherIncomeExpenseNet": 10,
        "year": 2021
      },
      {
        "costOfGoodsSold": 5419,
        "depreciationAmortization": 282.4,
        "dilutedAverageSharesOutstanding": 190.4,
        "dilutedEPS": 2.17,
        "ebit": 815.5,
        "grossIncome": 2137.1,
        "interestIncomeExpense": -197.4,
        "minorityInterest": 2.1,
        "netIncome": 413.2,
        "netIncomeAfterTaxes": 412.3,
        "nonRecurringItems": -71,
        "period": "2020-12-31",
        "pretaxIncome": 557.2,
        "provisionforIncomeTaxes": 144.9,
        "researchDevelopment": 162.1,
        "revenue": 7556.1,
        "sgaExpense": 877.1,
        "totalOperatingExpense": 1321.6,
        "totalOtherIncomeExpenseNet": 10.1,
        "year": 2020
      },
      {
        "costOfGoodsSold": 5922,
        "depreciationAmortization": 238.4,
        "dilutedAverageSharesOutstanding": 177.3,
        "dilutedEPS": 1.84,
        "ebit": 726.1,
        "grossIncome": 2278,
        "interestIncomeExpense": -224.5,
        "minorityInterest": 0.2,
        "netIncome": 325.7,
        "netIncomeAfterTaxes": 326.5,
        "nonRecurringItems": -63,
        "period": "2019-12-31",
        "pretaxIncome": 446.8,
        "provisionforIncomeTaxes": 120.3,
        "researchDevelopment": 209.9,
        "revenue": 8200,
        "sgaExpense": 1103.6,
        "totalOperatingExpense": 1551.9,
        "totalOtherIncomeExpenseNet": 8.2,
        "year": 2019
      },
      {
        "costOfGoodsSold": 3129.7,
        "depreciationAmortization": 39.8,
        "dilutedAverageSharesOutstanding": 96.5,
        "dilutedEPS": 3.05,
        "ebit": 473.4,
        "grossIncome": 1233.9,
        "interestIncomeExpense": -116,
        "minorityInterest": 3.2,
        "netIncome": 294.9,
        "netIncomeAfterTaxes": 276.5,
        "period": "2018-12-31",
        "pretaxIncome": 367.6,
        "provisionforIncomeTaxes": 91.1,
        "researchDevelopment": 87.5,
        "revenue": 4363.5,
        "sgaExpense": 633.2,
        "totalOperatingExpense": 760.4,
        "totalOtherIncomeExpenseNet": 10.2,
        "year": 2018
      },
      {
        "costOfGoodsSold": 2816.4,
        "depreciationAmortization": 36.5,
        "dilutedAverageSharesOutstanding": 96.1,
        "dilutedEPS": 2.72,
        "ebit": 421.1,
        "grossIncome": 1065.3,
        "interestIncomeExpense": -77.9,
        "minorityInterest": 0,
        "netIncome": 262.3,
        "netIncomeAfterTaxes": 293.8,
        "period": "2017-12-31",
        "pretaxIncome": 352.1,
        "provisionforIncomeTaxes": 58.3,
        "researchDevelopment": 95.2,
        "revenue": 3881.8,
        "sgaExpense": 512.6,
        "totalOperatingExpense": 644.3,
        "totalOtherIncomeExpenseNet": 8.9,
        "year": 2017
      },
      {
        "costOfGoodsSold": 2006.9,
        "depreciationAmortization": 22.7,
        "dilutedAverageSharesOutstanding": 91.1,
        "dilutedEPS": 3.35,
        "ebit": 497.3,
        "grossIncome": 924.2,
        "interestIncomeExpense": -46.6,
        "minorityInterest": -8.5,
        "netIncome": 304.9,
        "netIncomeAfterTaxes": 313.4,
        "nonRecurringItems": -38.9,
        "period": "2016-12-31",
        "pretaxIncome": 412.8,
        "provisionforIncomeTaxes": 99.4,
        "researchDevelopment": 71.4,
        "revenue": 2931.2,
        "sgaExpense": 332.9,
        "totalOperatingExpense": 427,
        "totalOtherIncomeExpenseNet": 1,
        "year": 2016
      },
      {
        "costOfGoodsSold": 2260.2,
        "depreciationAmortization": 21.7,
        "dilutedAverageSharesOutstanding": 97,
        "dilutedEPS": 4.1,
        "ebit": 607.6,
        "grossIncome": 1047.8,
        "interestIncomeExpense": -21.5,
        "netIncome": 397.4,
        "netIncomeAfterTaxes": 398.6,
        "period": "2015-12-31",
        "pretaxIncome": 585.4,
        "provisionforIncomeTaxes": 186.7,
        "researchDevelopment": 71.2,
        "revenue": 3308,
        "sgaExpense": 347.4,
        "totalOperatingExpense": 440.2,
        "totalOtherIncomeExpenseNet": -0.7,
        "year": 2015
      }
    ],
    "symbol": "WAB"
  }
}