{
  "symbol": "A",
  "statement": "ic",
  "frequency": "quarterly",
  "timestamp": "2025-09-19T13:55:21.156606",
  "data": {
    "financials": [
      {
        "costOfGoodsSold": 787,
        "dilutedAverageSharesOutstanding": 285,
        "dilutedEPS": 0.7544,
        "ebit": 356,
        "grossIncome": 881,
        "interestExpense": 29,
        "interestIncomeExpense": -43,
        "netIncome": 215,
        "netIncomeAfterTaxes": 215,
        "nonRecurringItems": -71,
        "period": "2025-04-30",
        "pretaxIncome": 260,
        "provisionforIncomeTaxes": 45,
        "researchDevelopment": 109,
        "revenue": 1668,
        "sgaExpense": 416,
        "totalOperatingExpense": 525,
        "totalOtherIncomeExpenseNet": 18
      },
      {
        "costOfGoodsSold": 782,
        "dilutedAverageSharesOutstanding": 287,
        "dilutedEPS": 1.108,
        "ebit": 377,
        "grossIncome": 899,
        "interestExpense": 28,
        "interestIncomeExpense": -12,
        "netIncome": 318,
        "netIncomeAfterTaxes": 318,
        "nonRecurringItems": 13,
        "period": "2025-01-31",
        "pretaxIncome": 367,
        "provisionforIncomeTaxes": 49,
        "researchDevelopment": 113,
        "revenue": 1681,
        "sgaExpense": 409,
        "totalOperatingExpense": 522,
        "totalOtherIncomeExpenseNet": -11
      },
      {
        "costOfGoodsSold": 784,
        "dilutedAverageSharesOutstanding": 285,
        "dilutedEPS": 1.2316,
        "ebit": 413,
        "grossIncome": 917,
        "interestExpense": 32,
        "interestIncomeExpense": -6,
        "netIncome": 351,
        "netIncomeAfterTaxes": 351,
        "nonRecurringItems": -5,
        "period": "2024-10-31",
        "pretaxIncome": 401,
        "provisionforIncomeTaxes": 50,
        "researchDevelopment": 110,
        "revenue": 1701,
        "sgaExpense": 394,
        "totalOperatingExpense": 504,
        "totalOtherIncomeExpenseNet": -1
      },
      {
        "costOfGoodsSold": 711,
        "dilutedAverageSharesOutstanding": 291,
        "dilutedEPS": 0.97,
        "ebit": 400,
        "grossIncome": 867,
        "interestExpense": 22,
        "interestIncomeExpense": -3,
        "netIncome": 282,
        "netIncomeAfterTaxes": 282,
        "nonRecurringItems": -67,
        "period": "2024-07-31",
        "pretaxIncome": 343,
        "provisionforIncomeTaxes": 61,
        "researchDevelopment": 109,
        "revenue": 1578,
        "sgaExpense": 358,
        "totalOperatingExpense": 467,
        "totalOtherIncomeExpenseNet": 13
      },
      {
        "costOfGoodsSold": 717,
        "dilutedAverageSharesOutstanding": 293,
        "dilutedEPS": 1.05,
        "ebit": 364,
        "grossIncome": 856,
        "interestExpense": 20,
        "interestIncomeExpense": -1,
        "netIncome": 308,
        "netIncomeAfterTaxes": 308,
        "nonRecurringItems": -1,
        "period": "2024-04-30",
        "pretaxIncome": 374,
        "provisionforIncomeTaxes": 66,
        "researchDevelopment": 113,
        "revenue": 1573,
        "sgaExpense": 379,
        "totalOperatingExpense": 492,
        "totalOtherIncomeExpenseNet": 12
      },
      {
        "costOfGoodsSold": 750,
        "dilutedAverageSharesOutstanding": 294,
        "dilutedEPS": 1.18,
        "ebit": 387,
        "grossIncome": 908,
        "interestExpense": 22,
        "interestIncomeExpense": 4,
        "netIncome": 348,
        "netIncomeAfterTaxes": 348,
        "nonRecurringItems": -3,
        "period": "2024-01-31",
        "pretaxIncome": 403,
        "provisionforIncomeTaxes": 55,
        "researchDevelopment": 126,
        "revenue": 1658,
        "sgaExpense": 395,
        "totalOperatingExpense": 521,
        "totalOtherIncomeExpenseNet": 15
      },
      {
        "costOfGoodsSold": 762,
        "dilutedAverageSharesOutstanding": 296,
        "dilutedEPS": 1.6,
        "ebit": 454,
        "grossIncome": 926,
        "interestExpense": 22,
        "interestIncomeExpense": -29,
        "netIncome": 475,
        "netIncomeAfterTaxes": 475,
        "nonRecurringItems": -3,
        "period": "2023-10-31",
        "pretaxIncome": 420,
        "provisionforIncomeTaxes": -55,
        "researchDevelopment": 108,
        "revenue": 1688,
        "sgaExpense": 364,
        "totalOperatingExpense": 472,
        "totalOtherIncomeExpenseNet": -2
      },
      {
        "costOfGoodsSold": 1014,
        "dilutedAverageSharesOutstanding": 295,
        "dilutedEPS": 0.38,
        "ebit": 142,
        "grossIncome": 658,
        "interestExpense": 24,
        "interestIncomeExpense": -11,
        "netIncome": 111,
        "netIncomeAfterTaxes": 111,
        "nonRecurringItems": -9,
        "period": "2023-07-31",
        "pretaxIncome": 132,
        "provisionforIncomeTaxes": 21,
        "researchDevelopment": 102,
        "revenue": 1672,
        "sgaExpense": 414,
        "totalOperatingExpense": 516,
        "totalOtherIncomeExpenseNet": 10
      },
      {
        "costOfGoodsSold": 793,
        "dilutedAverageSharesOutstanding": 297,
        "dilutedEPS": 1.02,
        "ebit": 383,
        "grossIncome": 924,
        "interestExpense": 24,
        "interestIncomeExpense": -12,
        "netIncome": 302,
        "netIncomeAfterTaxes": 302,
        "period": "2023-04-30",
        "pretaxIncome": 377,
        "provisionforIncomeTaxes": 75,
        "researchDevelopment": 111,
        "revenue": 1717,
        "sgaExpense": 430,
        "totalOperatingExpense": 541,
        "totalOtherIncomeExpenseNet": 6
      },
      {
        "costOfGoodsSold": 788,
        "dilutedAverageSharesOutstanding": 297,
        "dilutedEPS": 1.19,
        "ebit": 426,
        "grossIncome": 968,
        "interestExpense": 25,
        "interestIncomeExpense": -16,
        "netIncome": 352,
        "netIncomeAfterTaxes": 352,
        "period": "2023-01-31",
        "pretaxIncome": 410,
        "provisionforIncomeTaxes": 58,
        "researchDevelopment": 97,
        "revenue": 1756,
        "sgaExpense": 445,
        "totalOperatingExpense": 542,
        "totalOtherIncomeExpenseNet": 0
      },
      {
        "costOfGoodsSold": 837,
        "dilutedAverageSharesOutstanding": 297,
        "dilutedEPS": 1.24,
        "ebit": 471,
        "grossIncome": 1012,
        "interestExpense": 23,
        "interestIncomeExpense": -18,
        "netIncome": 368,
        "netIncomeAfterTaxes": 368,
        "period": "2022-10-31",
        "pretaxIncome": 455,
        "provisionforIncomeTaxes": 87,
        "researchDevelopment": 119,
        "revenue": 1849,
        "sgaExpense": 422,
        "totalOperatingExpense": 541,
        "totalOtherIncomeExpenseNet": 2
      },
      {
        "costOfGoodsSold": 779,
        "dilutedAverageSharesOutstanding": 299,
        "dilutedEPS": 1.1,
        "ebit": 411,
        "grossIncome": 939,
        "interestExpense": 19,
        "interestIncomeExpense": -17,
        "netIncome": 329,
        "netIncomeAfterTaxes": 329,
        "period": "2022-07-31",
        "pretaxIncome": 397,
        "provisionforIncomeTaxes": 68,
        "researchDevelopment": 116,
        "revenue": 1718,
        "sgaExpense": 412,
        "totalOperatingExpense": 528,
        "totalOtherIncomeExpenseNet": 3
      },
      {
        "costOfGoodsSold": 746,
        "dilutedAverageSharesOutstanding": 301,
        "dilutedEPS": 0.91,
        "ebit": 360,
        "grossIncome": 861,
        "interestExpense": 21,
        "interestIncomeExpense": -20,
        "netIncome": 274,
        "netIncomeAfterTaxes": 274,
        "period": "2022-04-30",
        "pretaxIncome": 333,
        "provisionforIncomeTaxes": 59,
        "researchDevelopment": 115,
        "revenue": 1607,
        "sgaExpense": 386,
        "totalOperatingExpense": 501,
        "totalOtherIncomeExpenseNet": -7
      },
      {
        "costOfGoodsSold": 764,
        "dilutedAverageSharesOutstanding": 303,
        "dilutedEPS": 0.93,
        "ebit": 376,
        "grossIncome": 910,
        "interestExpense": 21,
        "interestIncomeExpense": -20,
        "netIncome": 283,
        "netIncomeAfterTaxes": 283,
        "period": "2022-01-31",
        "pretaxIncome": 319,
        "provisionforIncomeTaxes": 36,
        "researchDevelopment": 117,
        "revenue": 1674,
        "sgaExpense": 417,
        "totalOperatingExpense": 534,
        "totalOtherIncomeExpenseNet": -37
      },
      {
        "costOfGoodsSold": 760,
        "dilutedAverageSharesOutstanding": 307,
        "dilutedEPS": 1.44,
        "ebit": 395,
        "grossIncome": 900,
        "interestExpense": 21,
        "interestIncomeExpense": -20,
        "netIncome": 442,
        "netIncomeAfterTaxes": 442,
        "period": "2021-10-31",
        "pretaxIncome": 448,
        "provisionforIncomeTaxes": 6,
        "researchDevelopment": 116,
        "revenue": 1660,
        "sgaExpense": 389,
        "totalOperatingExpense": 505,
        "totalOtherIncomeExpenseNet": 73
      },
      {
        "costOfGoodsSold": 734,
        "dilutedAverageSharesOutstanding": 306,
        "dilutedEPS": 0.86,
        "ebit": 336,
        "grossIncome": 852,
        "interestExpense": 21,
        "interestIncomeExpense": -21,
        "netIncome": 264,
        "netIncomeAfterTaxes": 264,
        "period": "2021-07-31",
        "pretaxIncome": 327,
        "provisionforIncomeTaxes": 63,
        "researchDevelopment": 113,
        "revenue": 1586,
        "sgaExpense": 403,
        "totalOperatingExpense": 516,
        "totalOtherIncomeExpenseNet": 12
      },
      {
        "costOfGoodsSold": 708,
        "dilutedAverageSharesOutstanding": 307,
        "dilutedEPS": 0.7,
        "ebit": 288,
        "grossIncome": 817,
        "interestExpense": 20,
        "interestIncomeExpense": -19,
        "netIncome": 216,
        "netIncomeAfterTaxes": 216,
        "period": "2021-04-30",
        "pretaxIncome": 273,
        "provisionforIncomeTaxes": 57,
        "researchDevelopment": 109,
        "revenue": 1525,
        "sgaExpense": 420,
        "totalOperatingExpense": 529,
        "totalOtherIncomeExpenseNet": 4
      },
      {
        "costOfGoodsSold": 710,
        "dilutedAverageSharesOutstanding": 309,
        "dilutedEPS": 0.93,
        "ebit": 328,
        "grossIncome": 838,
        "interestExpense": 19,
        "interestIncomeExpense": -19,
        "netIncome": 288,
        "netIncomeAfterTaxes": 288,
        "period": "2021-01-31",
        "pretaxIncome": 312,
        "provisionforIncomeTaxes": 24,
        "researchDevelopment": 103,
        "revenue": 1548,
        "sgaExpense": 407,
        "totalOperatingExpense": 510,
        "totalOtherIncomeExpenseNet": 3
      },
      {
        "costOfGoodsSold": 695,
        "dilutedAverageSharesOutstanding": 312,
        "dilutedEPS": 0.71,
        "ebit": 302,
        "grossIncome": 788,
        "interestExpense": 19,
        "interestIncomeExpense": -18,
        "netIncome": 222,
        "netIncomeAfterTaxes": 222,
        "nonRecurringItems": -3,
        "period": "2020-10-31",
        "pretaxIncome": 283,
        "provisionforIncomeTaxes": 61,
        "researchDevelopment": 102,
        "revenue": 1483,
        "sgaExpense": 384,
        "totalOperatingExpense": 486,
        "totalOtherIncomeExpenseNet": 2
      },
      {
        "costOfGoodsSold": 592,
        "dilutedAverageSharesOutstanding": 312,
        "dilutedEPS": 0.64,
        "ebit": 233,
        "grossIncome": 669,
        "interestExpense": 19,
        "interestIncomeExpense": -9,
        "netIncome": 199,
        "netIncomeAfterTaxes": 199,
        "nonRecurringItems": -3,
        "period": "2020-07-31",
        "pretaxIncome": 219,
        "provisionforIncomeTaxes": 20,
        "researchDevelopment": 92,
        "revenue": 1261,
        "sgaExpense": 344,
        "totalOperatingExpense": 436,
        "totalOtherIncomeExpenseNet": -2
      },
      {
        "costOfGoodsSold": 583,
        "dilutedAverageSharesOutstanding": 312,
        "dilutedEPS": 0.32,
        "ebit": 102,
        "grossIncome": 655,
        "interestExpense": 20,
        "interestIncomeExpense": -16,
        "netIncome": 101,
        "netIncomeAfterTaxes": 101,
        "nonRecurringItems": -2,
        "period": "2020-04-30",
        "pretaxIncome": 121,
        "provisionforIncomeTaxes": 20,
        "researchDevelopment": 197,
        "revenue": 1238,
        "sgaExpense": 356,
        "totalOperatingExpense": 553,
        "totalOtherIncomeExpenseNet": 37
      },
      {
        "costOfGoodsSold": 634,
        "dilutedAverageSharesOutstanding": 313,
        "dilutedEPS": 0.63,
        "ebit": 219,
        "grossIncome": 723,
        "interestExpense": 20,
        "interestIncomeExpense": -19,
        "netIncome": 197,
        "netIncomeAfterTaxes": 197,
        "nonRecurringItems": -4,
        "period": "2020-01-31",
        "pretaxIncome": 219,
        "provisionforIncomeTaxes": 22,
        "researchDevelopment": 104,
        "revenue": 1357,
        "sgaExpense": 400,
        "totalOperatingExpense": 504,
        "totalOtherIncomeExpenseNet": 23
      },
      {
        "costOfGoodsSold": 628,
        "dilutedAverageSharesOutstanding": 312,
        "dilutedEPS": 0.62,
        "ebit": 252,
        "grossIncome": 739,
        "interestExpense": 21,
        "interestIncomeExpense": -13,
        "netIncome": 194,
        "netIncomeAfterTaxes": 194,
        "period": "2019-10-31",
        "pretaxIncome": 231,
        "provisionforIncomeTaxes": 37,
        "researchDevelopment": 102,
        "revenue": 1367,
        "sgaExpense": 385,
        "totalOperatingExpense": 487,
        "totalOtherIncomeExpenseNet": -8
      },
      {
        "costOfGoodsSold": 581,
        "dilutedAverageSharesOutstanding": 316,
        "dilutedEPS": 0.6,
        "ebit": 226,
        "grossIncome": 693,
        "interestExpense": 18,
        "interestIncomeExpense": -9,
        "netIncome": 191,
        "netIncomeAfterTaxes": 191,
        "period": "2019-07-31",
        "pretaxIncome": 222,
        "provisionforIncomeTaxes": 31,
        "researchDevelopment": 101,
        "revenue": 1274,
        "sgaExpense": 366,
        "totalOperatingExpense": 467,
        "totalOtherIncomeExpenseNet": 5
      },
      {
        "costOfGoodsSold": 569,
        "dilutedAverageSharesOutstanding": 321,
        "dilutedEPS": 0.57,
        "ebit": 216,
        "grossIncome": 669,
        "interestExpense": 17,
        "interestIncomeExpense": -6,
        "netIncome": 182,
        "netIncomeAfterTaxes": 182,
        "period": "2019-04-30",
        "pretaxIncome": 218,
        "provisionforIncomeTaxes": 36,
        "researchDevelopment": 99,
        "revenue": 1238,
        "sgaExpense": 354,
        "totalOperatingExpense": 453,
        "totalOtherIncomeExpenseNet": 8
      },
      {
        "costOfGoodsSold": 572,
        "dilutedAverageSharesOutstanding": 322,
        "dilutedEPS": 1.57,
        "ebit": 255,
        "grossIncome": 712,
        "interestExpense": 18,
        "interestIncomeExpense": -16,
        "netIncome": 504,
        "netIncomeAfterTaxes": 504,
        "period": "2019-01-31",
        "pretaxIncome": 248,
        "provisionforIncomeTaxes": -256,
        "researchDevelopment": 102,
        "revenue": 1284,
        "sgaExpense": 355,
        "totalOperatingExpense": 457,
        "totalOtherIncomeExpenseNet": 9
      },
      {
        "costOfGoodsSold": 576,
        "dilutedAverageSharesOutstanding": 322,
        "dilutedEPS": 0.6,
        "ebit": 254,
        "grossIncome": 718,
        "interestExpense": 18,
        "interestIncomeExpense": -18,
        "netIncome": 195,
        "netIncomeAfterTaxes": 214,
        "nonRecurringItems": 15,
        "period": "2018-10-31",
        "pretaxIncome": 244,
        "provisionforIncomeTaxes": 30,
        "researchDevelopment": 104,
        "revenue": 1294,
        "sgaExpense": 360,
        "totalOperatingExpense": 464,
        "totalOtherIncomeExpenseNet": -7
      },
      {
        "costOfGoodsSold": 545,
        "dilutedAverageSharesOutstanding": 324,
        "dilutedEPS": 0.73,
        "ebit": 220,
        "grossIncome": 658,
        "interestExpense": 18,
        "interestIncomeExpense": -10,
        "netIncome": 236,
        "netIncomeAfterTaxes": 236,
        "period": "2018-07-31",
        "pretaxIncome": 242,
        "provisionforIncomeTaxes": 6,
        "researchDevelopment": 97,
        "revenue": 1203,
        "sgaExpense": 341,
        "totalOperatingExpense": 438,
        "totalOtherIncomeExpenseNet": 32
      },
      {
        "costOfGoodsSold": 558,
        "dilutedAverageSharesOutstanding": 326,
        "dilutedEPS": 0.63,
        "ebit": 215,
        "grossIncome": 648,
        "interestExpense": 19,
        "interestIncomeExpense": -19,
        "netIncome": 205,
        "netIncomeAfterTaxes": 205,
        "period": "2018-04-30",
        "pretaxIncome": 227,
        "provisionforIncomeTaxes": 22,
        "researchDevelopment": 92,
        "revenue": 1206,
        "sgaExpense": 341,
        "totalOperatingExpense": 433,
        "totalOtherIncomeExpenseNet": 31
      },
      {
        "costOfGoodsSold": 538,
        "dilutedAverageSharesOutstanding": 323,
        "dilutedEPS": -0.99,
        "ebit": 239,
        "grossIncome": 673,
        "interestExpense": 20,
        "interestIncomeExpense": -5,
        "netIncome": -320,
        "netIncomeAfterTaxes": 213,
        "period": "2018-01-31",
        "pretaxIncome": 233,
        "provisionforIncomeTaxes": 20,
        "researchDevelopment": 93,
        "revenue": 1211,
        "sgaExpense": 341,
        "totalOperatingExpense": 434,
        "totalOtherIncomeExpenseNet": -1
      },
      {
        "costOfGoodsSold": 550,
        "dilutedAverageSharesOutstanding": 329,
        "dilutedEPS": 0.54,
        "ebit": 201,
        "grossIncome": 639,
        "interestExpense": 20,
        "interestIncomeExpense": -17,
        "netIncome": 177,
        "netIncomeAfterTaxes": 177,
        "period": "2017-10-31",
        "pretaxIncome": 226,
        "provisionforIncomeTaxes": 49,
        "researchDevelopment": 91,
        "revenue": 1189,
        "sgaExpense": 347,
        "totalOperatingExpense": 438,
        "totalOtherIncomeExpenseNet": 42
      },
      {
        "costOfGoodsSold": 519,
        "dilutedAverageSharesOutstanding": 326,
        "dilutedEPS": 0.54,
        "ebit": 200,
        "grossIncome": 595,
        "interestExpense": 19,
        "interestIncomeExpense": -2,
        "netIncome": 175,
        "netIncomeAfterTaxes": 175,
        "period": "2017-07-31",
        "pretaxIncome": 193,
        "provisionforIncomeTaxes": 18,
        "researchDevelopment": 87,
        "revenue": 1114,
        "sgaExpense": 308,
        "totalOperatingExpense": 395,
        "totalOtherIncomeExpenseNet": -5
      },
      {
        "costOfGoodsSold": 511,
        "dilutedAverageSharesOutstanding": 325,
        "dilutedEPS": 0.5,
        "ebit": 200,
        "grossIncome": 591,
        "interestExpense": 20,
        "interestIncomeExpense": -14,
        "netIncome": 164,
        "netIncomeAfterTaxes": 164,
        "period": "2017-04-30",
        "pretaxIncome": 191,
        "provisionforIncomeTaxes": 27,
        "researchDevelopment": 84,
        "revenue": 1102,
        "sgaExpense": 307,
        "totalOperatingExpense": 391,
        "totalOtherIncomeExpenseNet": 5
      },
      {
        "costOfGoodsSold": 494,
        "dilutedAverageSharesOutstanding": 326,
        "dilutedEPS": 0.52,
        "ebit": 205,
        "grossIncome": 573,
        "interestExpense": 20,
        "interestIncomeExpense": -18,
        "netIncome": 168,
        "netIncomeAfterTaxes": 168,
        "period": "2017-01-31",
        "pretaxIncome": 193,
        "provisionforIncomeTaxes": 25,
        "researchDevelopment": 79,
        "revenue": 1067,
        "sgaExpense": 289,
        "totalOperatingExpense": 368,
        "totalOtherIncomeExpenseNet": 6
      },
      {
        "costOfGoodsSold": 520,
        "dilutedAverageSharesOutstanding": 329,
        "dilutedEPS": 0.38,
        "ebit": 186,
        "grossIncome": 591,
        "interestExpense": 19,
        "interestIncomeExpense": -21,
        "netIncome": 126,
        "netIncomeAfterTaxes": 126,
        "period": "2016-10-31",
        "pretaxIncome": 151,
        "provisionforIncomeTaxes": 25,
        "researchDevelopment": 84,
        "revenue": 1111,
        "sgaExpense": 321,
        "totalOperatingExpense": 405,
        "totalOtherIncomeExpenseNet": -14
      },
      {
        "costOfGoodsSold": 500,
        "dilutedAverageSharesOutstanding": 328,
        "dilutedEPS": 0.38,
        "ebit": 148,
        "grossIncome": 544,
        "interestExpense": 17,
        "interestIncomeExpense": -18,
        "netIncome": 124,
        "netIncomeAfterTaxes": 124,
        "period": "2016-07-31",
        "pretaxIncome": 134,
        "provisionforIncomeTaxes": 10,
        "researchDevelopment": 86,
        "revenue": 1044,
        "sgaExpense": 310,
        "totalOperatingExpense": 396,
        "totalOtherIncomeExpenseNet": 4
      },
      {
        "costOfGoodsSold": 490,
        "dilutedAverageSharesOutstanding": 328,
        "dilutedEPS": 0.28,
        "ebit": 130,
        "grossIncome": 529,
        "interestExpense": 18,
        "interestIncomeExpense": -9,
        "netIncome": 91,
        "netIncomeAfterTaxes": 91,
        "period": "2016-04-30",
        "pretaxIncome": 117,
        "provisionforIncomeTaxes": 26,
        "researchDevelopment": 81,
        "revenue": 1019,
        "sgaExpense": 318,
        "totalOperatingExpense": 399,
        "totalOtherIncomeExpenseNet": -4
      },
      {
        "costOfGoodsSold": 492,
        "dilutedAverageSharesOutstanding": 332,
        "dilutedEPS": 0.36,
        "ebit": 154,
        "grossIncome": 536,
        "interestExpense": 18,
        "interestIncomeExpense": -17,
        "netIncome": 121,
        "netIncomeAfterTaxes": 121,
        "period": "2016-01-31",
        "pretaxIncome": 142,
        "provisionforIncomeTaxes": 21,
        "researchDevelopment": 78,
        "revenue": 1028,
        "sgaExpense": 304,
        "totalOperatingExpense": 382,
        "totalOtherIncomeExpenseNet": 5
      },
      {
        "costOfGoodsSold": 504,
        "dilutedAverageSharesOutstanding": 332,
        "dilutedEPS": 0.43,
        "ebit": 160,
        "grossIncome": 531,
        "interestExpense": 16,
        "interestIncomeExpense": -12,
        "netIncome": 143,
        "netIncomeAfterTaxes": 143,
        "nonRecurringItems": -8,
        "period": "2015-10-31",
        "pretaxIncome": 143,
        "provisionforIncomeTaxes": 0,
        "researchDevelopment": 78,
        "revenue": 1035,
        "sgaExpense": 293,
        "totalOperatingExpense": 371,
        "totalOtherIncomeExpenseNet": 3
      },
      {
        "costOfGoodsSold": 504,
        "dilutedAverageSharesOutstanding": 334,
        "dilutedEPS": 0.34,
        "ebit": 141,
        "grossIncome": 510,
        "interestExpense": 17,
        "interestIncomeExpense": -15,
        "netIncome": 111,
        "netIncomeAfterTaxes": 113,
        "period": "2015-07-31",
        "pretaxIncome": 128,
        "provisionforIncomeTaxes": 15,
        "researchDevelopment": 79,
        "revenue": 1014,
        "sgaExpense": 290,
        "totalOperatingExpense": 369,
        "totalOtherIncomeExpenseNet": 2
      }
    ],
    "symbol": "A"
  }
}