{
  "symbol": "INVH",
  "statement": "ic",
  "frequency": "quarterly",
  "timestamp": "2025-09-19T14:02:19.713505",
  "data": {
    "financials": [
      {
        "costOfGoodsSold": 280.111,
        "depreciationAmortization": 185.455,
        "dilutedAverageSharesOutstanding": 613.2619,
        "dilutedEPS": 0.2294,
        "ebit": 192.251,
        "gainLossOnDispositionOfAssets": 46.591,
        "grossIncome": 401.29,
        "interestExpense": 87.414,
        "interestIncomeExpense": -92.306,
        "minorityInterest": -0.48,
        "netIncome": 140.665,
        "netIncomeAfterTaxes": 141.367,
        "nonRecurringItems": -3.036,
        "otherOperatingExpensesTotal": -0.007,
        "period": "2025-06-30",
        "pretaxIncome": 141.367,
        "revenue": 681.401,
        "sgaExpense": 23.591,
        "totalOperatingExpense": 209.039,
        "totalOtherIncomeExpenseNet": -2.133
      },
      {
        "costOfGoodsSold": 274.188,
        "depreciationAmortization": 183.146,
        "dilutedAverageSharesOutstanding": 613.3619,
        "dilutedEPS": 0.2699,
        "ebit": 187.69,
        "gainLossOnDispositionOfAssets": 71.666,
        "grossIncome": 400.291,
        "interestExpense": 84.254,
        "interestIncomeExpense": -89.693,
        "minorityInterest": -0.537,
        "netIncome": 165.517,
        "netIncomeAfterTaxes": 166.282,
        "nonRecurringItems": -4.746,
        "otherOperatingExpensesTotal": -0.063,
        "period": "2025-03-31",
        "pretaxIncome": 166.282,
        "revenue": 674.479,
        "sgaExpense": 29.518,
        "totalOperatingExpense": 212.601,
        "totalOtherIncomeExpenseNet": 1.365
      },
      {
        "costOfGoodsSold": 267.702,
        "depreciationAmortization": 181.912,
        "dilutedAverageSharesOutstanding": 613.249,
        "dilutedEPS": 0.2331,
        "ebit": 185.716,
        "gainLossOnDispositionOfAssets": 103.019,
        "grossIncome": 391.428,
        "interestExpense": 95.158,
        "interestIncomeExpense": -100.815,
        "minorityInterest": -0.46,
        "netIncome": 142.941,
        "netIncomeAfterTaxes": 143.57,
        "nonRecurringItems": -47.702,
        "otherOperatingExpensesTotal": -0.139,
        "period": "2024-12-31",
        "pretaxIncome": 143.57,
        "revenue": 659.13,
        "sgaExpense": 23.939,
        "totalOperatingExpense": 205.712,
        "totalOtherIncomeExpenseNet": 3.352
      },
      {
        "costOfGoodsSold": 276.61,
        "depreciationAmortization": 180.479,
        "dilutedAverageSharesOutstanding": 613.6452,
        "dilutedEPS": 0.155,
        "ebit": 181.633,
        "gainLossOnDispositionOfAssets": 47.766,
        "grossIncome": 383.712,
        "interestExpense": 91.06,
        "interestIncomeExpense": -103.477,
        "minorityInterest": -0.309,
        "netIncome": 95.084,
        "netIncomeAfterTaxes": 95.578,
        "nonRecurringItems": -20.999,
        "otherOperatingExpensesTotal": -0.127,
        "period": "2024-09-30",
        "pretaxIncome": 95.578,
        "revenue": 660.322,
        "sgaExpense": 21.727,
        "totalOperatingExpense": 202.079,
        "totalOtherIncomeExpenseNet": -9.345
      },
      {
        "costOfGoodsSold": 266.817,
        "depreciationAmortization": 176.622,
        "dilutedAverageSharesOutstanding": 613.8233,
        "dilutedEPS": 0.1189,
        "ebit": 188.524,
        "gainLossOnDispositionOfAssets": 43.267,
        "grossIncome": 386.634,
        "interestExpense": 90.007,
        "interestIncomeExpense": -93.985,
        "minorityInterest": -0.243,
        "netIncome": 72.981,
        "netIncomeAfterTaxes": 73.431,
        "nonRecurringItems": -10.363,
        "otherOperatingExpensesTotal": -0.01,
        "period": "2024-06-30",
        "pretaxIncome": 73.431,
        "revenue": 653.451,
        "sgaExpense": 21.498,
        "totalOperatingExpense": 198.11,
        "totalOtherIncomeExpenseNet": -54.012
      },
      {
        "costOfGoodsSold": 261.634,
        "depreciationAmortization": 175.313,
        "dilutedAverageSharesOutstanding": 613.8072,
        "dilutedEPS": 0.2316,
        "ebit": 185.649,
        "gainLossOnDispositionOfAssets": 50.498,
        "grossIncome": 384.405,
        "interestExpense": 89.845,
        "interestIncomeExpense": -95.192,
        "minorityInterest": -0.436,
        "netIncome": 142.158,
        "netIncomeAfterTaxes": 142.786,
        "nonRecurringItems": -4.142,
        "otherOperatingExpensesTotal": -0.005,
        "period": "2024-03-31",
        "pretaxIncome": 142.786,
        "revenue": 646.039,
        "sgaExpense": 23.448,
        "totalOperatingExpense": 198.756,
        "totalOtherIncomeExpenseNet": 5.973
      },
      {
        "costOfGoodsSold": 253.788,
        "depreciationAmortization": 173.159,
        "dilutedAverageSharesOutstanding": 613.6897,
        "dilutedEPS": 0.2108,
        "ebit": 174.989,
        "gainLossOnDispositionOfAssets": 49.092,
        "grossIncome": 370.533,
        "interestExpense": 90.049,
        "interestIncomeExpense": -96.602,
        "minorityInterest": -0.395,
        "netIncome": 129.368,
        "netIncomeAfterTaxes": 129.941,
        "nonRecurringItems": -3.071,
        "otherOperatingExpensesTotal": -0.002,
        "period": "2023-12-31",
        "pretaxIncome": 129.941,
        "revenue": 624.321,
        "sgaExpense": 22.387,
        "totalOperatingExpense": 195.544,
        "totalOtherIncomeExpenseNet": 5.533
      },
      {
        "costOfGoodsSold": 252.9,
        "depreciationAmortization": 170.7,
        "dilutedAverageSharesOutstanding": 613.6,
        "dilutedEPS": 0.21,
        "ebit": 171.4,
        "gainLossOnDispositionOfAssets": 58,
        "grossIncome": 364.8,
        "interestExpense": 86.736,
        "interestIncomeExpense": -92.1,
        "minorityInterest": -0.4,
        "netIncome": 131.6,
        "netIncomeAfterTaxes": 132.2,
        "nonRecurringItems": -2.5,
        "otherOperatingExpensesTotal": 0,
        "period": "2023-09-30",
        "pretaxIncome": 132.2,
        "revenue": 617.7,
        "sgaExpense": 22.7,
        "totalOperatingExpense": 193.4,
        "totalOtherIncomeExpenseNet": -2.5
      },
      {
        "costOfGoodsSold": 237.4,
        "depreciationAmortization": 165.8,
        "dilutedAverageSharesOutstanding": 613.3,
        "dilutedEPS": 0.22,
        "ebit": 177.5,
        "gainLossOnDispositionOfAssets": 46.8,
        "grossIncome": 363,
        "interestExpense": 78.625,
        "interestIncomeExpense": -80.1,
        "minorityInterest": -0.4,
        "netIncome": 137.7,
        "netIncomeAfterTaxes": 138.3,
        "nonRecurringItems": -1.9,
        "otherOperatingExpensesTotal": 0,
        "period": "2023-06-30",
        "pretaxIncome": 138.3,
        "revenue": 600.4,
        "sgaExpense": 19.8,
        "totalOperatingExpense": 185.5,
        "totalOtherIncomeExpenseNet": -3.9
      },
      {
        "costOfGoodsSold": 232.1,
        "depreciationAmortization": 164.7,
        "dilutedAverageSharesOutstanding": 612.6,
        "dilutedEPS": 0.2,
        "ebit": 175.7,
        "gainLossOnDispositionOfAssets": 29.7,
        "grossIncome": 357.8,
        "interestExpense": 78.047,
        "interestIncomeExpense": -82.1,
        "minorityInterest": -0.3,
        "netIncome": 120.1,
        "netIncomeAfterTaxes": 120.6,
        "nonRecurringItems": -1.2,
        "otherOperatingExpensesTotal": 0,
        "period": "2023-03-31",
        "pretaxIncome": 120.6,
        "revenue": 589.9,
        "sgaExpense": 17.5,
        "totalOperatingExpense": 182.1,
        "totalOtherIncomeExpenseNet": -1.5
      },
      {
        "costOfGoodsSold": 232.4,
        "depreciationAmortization": 163.3,
        "dilutedAverageSharesOutstanding": 612.2,
        "dilutedEPS": 0.16,
        "ebit": 167.2,
        "gainLossOnDispositionOfAssets": 21.2,
        "grossIncome": 347.5,
        "interestExpense": 78.409,
        "interestIncomeExpense": -82.1,
        "minorityInterest": -0.3,
        "netIncome": 100.4,
        "netIncomeAfterTaxes": 100.9,
        "nonRecurringItems": -5.8,
        "otherOperatingExpensesTotal": 0,
        "period": "2022-12-31",
        "pretaxIncome": 100.9,
        "revenue": 579.8,
        "sgaExpense": 16.9,
        "totalOperatingExpense": 180.2,
        "totalOtherIncomeExpenseNet": 0.3
      },
      {
        "costOfGoodsSold": 226.2,
        "depreciationAmortization": 160.4,
        "dilutedAverageSharesOutstanding": 612.6,
        "dilutedEPS": 0.13,
        "ebit": 161.9,
        "gainLossOnDispositionOfAssets": 24,
        "grossIncome": 342.5,
        "interestExpense": 76.454,
        "interestIncomeExpense": -78.1,
        "minorityInterest": -0.3,
        "netIncome": 79,
        "netIncomeAfterTaxes": 79.4,
        "nonRecurringItems": -20,
        "period": "2022-09-30",
        "pretaxIncome": 79.4,
        "revenue": 568.7,
        "sgaExpense": 20.1,
        "totalOperatingExpense": 180.5,
        "totalOtherIncomeExpenseNet": -8.4
      },
      {
        "costOfGoodsSold": 212.5,
        "depreciationAmortization": 158.6,
        "dilutedAverageSharesOutstanding": 611.6,
        "dilutedEPS": 0.18,
        "ebit": 166.9,
        "gainLossOnDispositionOfAssets": 27.5,
        "grossIncome": 344.8,
        "interestExpense": 74.84,
        "interestIncomeExpense": -77.7,
        "minorityInterest": -0.5,
        "netIncome": 110.8,
        "netIncomeAfterTaxes": 111.5,
        "nonRecurringItems": -1.4,
        "period": "2022-06-30",
        "pretaxIncome": 111.5,
        "revenue": 557.3,
        "sgaExpense": 19.3,
        "totalOperatingExpense": 177.9,
        "totalOtherIncomeExpenseNet": -3.8
      },
      {
        "costOfGoodsSold": 203.2,
        "depreciationAmortization": 155.8,
        "dilutedAverageSharesOutstanding": 607.9,
        "dilutedEPS": 0.15,
        "ebit": 155.6,
        "gainLossOnDispositionOfAssets": 18,
        "grossIncome": 329.1,
        "interestExpense": 74.389,
        "interestIncomeExpense": -79.7,
        "minorityInterest": -0.4,
        "netIncome": 92.4,
        "netIncomeAfterTaxes": 93,
        "nonRecurringItems": -1.5,
        "period": "2022-03-31",
        "pretaxIncome": 93,
        "revenue": 532.3,
        "sgaExpense": 17.6,
        "totalOperatingExpense": 173.5,
        "totalOtherIncomeExpenseNet": 0.6
      },
      {
        "costOfGoodsSold": 198.1,
        "depreciationAmortization": 151.7,
        "dilutedAverageSharesOutstanding": 600.1,
        "dilutedEPS": 0.12,
        "ebit": 150.8,
        "gainLossOnDispositionOfAssets": 14.6,
        "grossIncome": 322.2,
        "interestExpense": 79.121,
        "interestIncomeExpense": -84.8,
        "minorityInterest": -0.3,
        "netIncome": 74.5,
        "netIncomeAfterTaxes": 74.9,
        "nonRecurringItems": -3,
        "period": "2021-12-31",
        "pretaxIncome": 74.9,
        "revenue": 520.2,
        "sgaExpense": 19.7,
        "totalOperatingExpense": 171.3,
        "totalOtherIncomeExpenseNet": -2.7
      },
      {
        "costOfGoodsSold": 202.4,
        "depreciationAmortization": 150.7,
        "dilutedAverageSharesOutstanding": 578.6,
        "dilutedEPS": 0.12,
        "ebit": 137.1,
        "gainLossOnDispositionOfAssets": 13,
        "grossIncome": 307.2,
        "interestExpense": 79.37,
        "interestIncomeExpense": -74.8,
        "minorityInterest": -0.3,
        "netIncome": 69.1,
        "netIncomeAfterTaxes": 69.5,
        "nonRecurringItems": -4.3,
        "period": "2021-09-30",
        "pretaxIncome": 69.5,
        "revenue": 509.5,
        "sgaExpense": 19.4,
        "totalOperatingExpense": 170,
        "totalOtherIncomeExpenseNet": -1.5
      },
      {
        "costOfGoodsSold": 193.1,
        "depreciationAmortization": 145.3,
        "dilutedAverageSharesOutstanding": 569.3,
        "dilutedEPS": 0.11,
        "ebit": 133.4,
        "gainLossOnDispositionOfAssets": 17.9,
        "grossIncome": 298.5,
        "interestExpense": 80.764,
        "interestIncomeExpense": -87.8,
        "minorityInterest": -0.4,
        "netIncome": 60.2,
        "netIncomeAfterTaxes": 60.7,
        "nonRecurringItems": -1,
        "period": "2021-06-30",
        "pretaxIncome": 60.7,
        "revenue": 491.6,
        "sgaExpense": 19.8,
        "totalOperatingExpense": 165.1,
        "totalOtherIncomeExpenseNet": -1.9
      },
      {
        "costOfGoodsSold": 184.2,
        "depreciationAmortization": 144.5,
        "dilutedAverageSharesOutstanding": 568.8,
        "dilutedEPS": 0.1,
        "ebit": 129.6,
        "gainLossOnDispositionOfAssets": 14.5,
        "grossIncome": 291,
        "interestExpense": 83.406,
        "interestIncomeExpense": -86.2,
        "minorityInterest": -0.4,
        "netIncome": 57.3,
        "netIncomeAfterTaxes": 57.7,
        "nonRecurringItems": -0.4,
        "period": "2021-03-31",
        "pretaxIncome": 57.7,
        "revenue": 475.2,
        "sgaExpense": 17,
        "totalOperatingExpense": 161.4,
        "totalOtherIncomeExpenseNet": 0.2
      },
      {
        "costOfGoodsSold": 183.5,
        "depreciationAmortization": 142.1,
        "dilutedAverageSharesOutstanding": 566,
        "dilutedEPS": 0.12,
        "ebit": 121.8,
        "gainLossOnDispositionOfAssets": 13.1,
        "grossIncome": 280.6,
        "interestExpense": 95.382,
        "interestIncomeExpense": -65.7,
        "minorityInterest": -0.4,
        "netIncome": 70.6,
        "netIncomeAfterTaxes": 71.1,
        "nonRecurringItems": 4,
        "period": "2020-12-31",
        "pretaxIncome": 71.1,
        "revenue": 464.1,
        "sgaExpense": 16.7,
        "totalOperatingExpense": 158.8,
        "totalOtherIncomeExpenseNet": -2.1
      },
      {
        "costOfGoodsSold": 192.8,
        "depreciationAmortization": 138.1,
        "dilutedAverageSharesOutstanding": 561.9,
        "dilutedEPS": 0.06,
        "ebit": 110.2,
        "gainLossOnDispositionOfAssets": 15.1,
        "grossIncome": 266.4,
        "interestExpense": 87.713,
        "interestIncomeExpense": -87.7,
        "minorityInterest": -0.2,
        "netIncome": 32.5,
        "netIncomeAfterTaxes": 32.9,
        "nonRecurringItems": -1.7,
        "period": "2020-09-30",
        "pretaxIncome": 32.9,
        "revenue": 459.2,
        "sgaExpense": 18,
        "totalOperatingExpense": 156.2,
        "totalOtherIncomeExpenseNet": -3
      },
      {
        "costOfGoodsSold": 181.5,
        "depreciationAmortization": 137.3,
        "dilutedAverageSharesOutstanding": 549.9,
        "dilutedEPS": 0.08,
        "ebit": 116.5,
        "gainLossOnDispositionOfAssets": 11.2,
        "grossIncome": 268.2,
        "interestExpense": 86.071,
        "interestIncomeExpense": -86.1,
        "minorityInterest": -0.3,
        "netIncome": 42.8,
        "netIncomeAfterTaxes": 43.2,
        "nonRecurringItems": 0.2,
        "period": "2020-06-30",
        "pretaxIncome": 43.2,
        "revenue": 449.8,
        "sgaExpense": 14.4,
        "totalOperatingExpense": 151.7,
        "totalOtherIncomeExpenseNet": 1.4
      },
      {
        "costOfGoodsSold": 181.3,
        "depreciationAmortization": 135,
        "dilutedAverageSharesOutstanding": 543.9,
        "dilutedEPS": 0.09,
        "ebit": 119.2,
        "gainLossOnDispositionOfAssets": 15.2,
        "grossIncome": 268.5,
        "interestExpense": 84.744,
        "interestIncomeExpense": -84.8,
        "minorityInterest": -0.3,
        "netIncome": 49.9,
        "netIncomeAfterTaxes": 50.3,
        "nonRecurringItems": -3.1,
        "period": "2020-03-31",
        "pretaxIncome": 50.3,
        "revenue": 449.8,
        "sgaExpense": 14.2,
        "totalOperatingExpense": 149.3,
        "totalOtherIncomeExpenseNet": 3.7
      },
      {
        "costOfGoodsSold": 182.1,
        "depreciationAmortization": 133.8,
        "dilutedAverageSharesOutstanding": 542.5,
        "dilutedEPS": 0.1,
        "ebit": 113,
        "gainLossOnDispositionOfAssets": 31.8,
        "grossIncome": 262.1,
        "interestExpense": 88.389,
        "interestIncomeExpense": -88.4,
        "minorityInterest": -0.6,
        "netIncome": 51.9,
        "netIncomeAfterTaxes": 52.6,
        "nonRecurringItems": -6.9,
        "period": "2019-12-31",
        "pretaxIncome": 52.6,
        "revenue": 444.3,
        "sgaExpense": 15.4,
        "totalOperatingExpense": 149.2,
        "totalOtherIncomeExpenseNet": 3.1
      },
      {
        "costOfGoodsSold": 191.4,
        "depreciationAmortization": 133.3,
        "dilutedAverageSharesOutstanding": 538.6,
        "dilutedEPS": 0.06,
        "ebit": 102.2,
        "gainLossOnDispositionOfAssets": 20.8,
        "grossIncome": 252,
        "interestExpense": 89.003,
        "interestIncomeExpense": -89.1,
        "minorityInterest": -0.3,
        "netIncome": 33.6,
        "netIncomeAfterTaxes": 34,
        "nonRecurringItems": -4.7,
        "period": "2019-09-30",
        "pretaxIncome": 34,
        "revenue": 443.3,
        "sgaExpense": 16.4,
        "totalOperatingExpense": 149.7,
        "totalOtherIncomeExpenseNet": 4.7
      },
      {
        "costOfGoodsSold": 182.6,
        "depreciationAmortization": 133,
        "dilutedAverageSharesOutstanding": 525.9,
        "dilutedEPS": 0.07,
        "ebit": 111.5,
        "gainLossOnDispositionOfAssets": 26.2,
        "grossIncome": 259,
        "interestExpense": 95.705,
        "interestIncomeExpense": -95.7,
        "minorityInterest": -0.5,
        "netIncome": 38.8,
        "netIncomeAfterTaxes": 39.4,
        "nonRecurringItems": -3.2,
        "period": "2019-06-30",
        "pretaxIncome": 39.4,
        "revenue": 441.6,
        "sgaExpense": 14.4,
        "totalOperatingExpense": 147.5,
        "totalOtherIncomeExpenseNet": 0.6
      },
      {
        "costOfGoodsSold": 175.5,
        "depreciationAmortization": 133.6,
        "dilutedAverageSharesOutstanding": 521.8,
        "dilutedEPS": 0.04,
        "ebit": 102.7,
        "gainLossOnDispositionOfAssets": 17.6,
        "grossIncome": 260,
        "interestExpense": 93.95,
        "interestIncomeExpense": -94,
        "minorityInterest": -0.3,
        "netIncome": 20.7,
        "netIncomeAfterTaxes": 21.2,
        "nonRecurringItems": -8.2,
        "period": "2019-03-31",
        "pretaxIncome": 21.2,
        "revenue": 435.5,
        "sgaExpense": 23.7,
        "totalOperatingExpense": 157.3,
        "totalOtherIncomeExpenseNet": 3.1
      },
      {
        "costOfGoodsSold": 176.5,
        "depreciationAmortization": 130.2,
        "dilutedAverageSharesOutstanding": 520.7,
        "dilutedEPS": 0.05,
        "ebit": 111.6,
        "gainLossOnDispositionOfAssets": 28.7,
        "grossIncome": 256.1,
        "interestExpense": 96.22,
        "interestIncomeExpense": -96.5,
        "minorityInterest": -0.4,
        "netIncome": 25.1,
        "netIncomeAfterTaxes": 25.7,
        "nonRecurringItems": -18.4,
        "period": "2018-12-31",
        "pretaxIncome": 25.7,
        "revenue": 432.6,
        "sgaExpense": 14.3,
        "totalOperatingExpense": 144.5,
        "totalOtherIncomeExpenseNet": 0.3
      },
      {
        "costOfGoodsSold": 186.7,
        "depreciationAmortization": 139.4,
        "dilutedAverageSharesOutstanding": 521.8,
        "dilutedEPS": 0,
        "ebit": 90.4,
        "gainLossOnDispositionOfAssets": 11.5,
        "grossIncome": 247.5,
        "interestExpense": 97.554,
        "interestIncomeExpense": -97.6,
        "minorityInterest": 0,
        "netIncome": 0.8,
        "netIncomeAfterTaxes": 1,
        "nonRecurringItems": -6.6,
        "period": "2018-09-30",
        "pretaxIncome": 1,
        "revenue": 434.3,
        "sgaExpense": 17.8,
        "totalOperatingExpense": 157.2,
        "totalOtherIncomeExpenseNet": 3.3
      },
      {
        "costOfGoodsSold": 179.8,
        "depreciationAmortization": 146.5,
        "dilutedAverageSharesOutstanding": 520.5,
        "dilutedEPS": -0.03,
        "ebit": 85.8,
        "gainLossOnDispositionOfAssets": 3.9,
        "grossIncome": 252.7,
        "interestExpense": 96.628,
        "interestIncomeExpense": -97.2,
        "minorityInterest": 0.2,
        "netIncome": -14.2,
        "netIncomeAfterTaxes": -14.2,
        "nonRecurringItems": -8.3,
        "period": "2018-06-30",
        "pretaxIncome": -14.2,
        "revenue": 432.4,
        "sgaExpense": 20.4,
        "totalOperatingExpense": 166.9,
        "totalOtherIncomeExpenseNet": 1.6
      },
      {
        "costOfGoodsSold": 177.9,
        "depreciationAmortization": 144.5,
        "dilutedAverageSharesOutstanding": 519.7,
        "dilutedEPS": -0.03,
        "ebit": 78,
        "gainLossOnDispositionOfAssets": 5.5,
        "grossIncome": 245.7,
        "interestExpense": 92.552,
        "interestIncomeExpense": -92.3,
        "minorityInterest": 0.3,
        "netIncome": -17.5,
        "netIncomeAfterTaxes": -17.6,
        "nonRecurringItems": -10.5,
        "period": "2018-03-31",
        "pretaxIncome": -17.6,
        "revenue": 423.7,
        "sgaExpense": 23.3,
        "totalOperatingExpense": 167.8,
        "totalOtherIncomeExpenseNet": 1.7
      },
      {
        "costOfGoodsSold": 129.1,
        "depreciationAmortization": 107,
        "dilutedAverageSharesOutstanding": 422.7,
        "dilutedEPS": -0.11,
        "ebit": 55.1,
        "gainLossOnDispositionOfAssets": 5.7,
        "grossIncome": 200.8,
        "interestExpense": 77.872,
        "interestIncomeExpense": -74.2,
        "minorityInterest": 0.5,
        "netIncome": -46.2,
        "netIncomeAfterTaxes": -46.5,
        "nonRecurringItems": -32.5,
        "period": "2017-12-31",
        "pretaxIncome": -46.5,
        "revenue": 330,
        "sgaExpense": 38.7,
        "totalOperatingExpense": 145.7,
        "totalOtherIncomeExpenseNet": -0.5
      },
      {
        "costOfGoodsSold": 104.1,
        "depreciationAmortization": 67.5,
        "dilutedAverageSharesOutstanding": 311.6,
        "dilutedEPS": -0.07,
        "ebit": 49.4,
        "gainLossOnDispositionOfAssets": 3.8,
        "grossIncome": 139.4,
        "interestExpense": 56.606,
        "interestIncomeExpense": -56.8,
        "minorityInterest": 0,
        "netIncome": -22.7,
        "netIncomeAfterTaxes": -22.5,
        "nonRecurringItems": -19.5,
        "period": "2017-09-30",
        "pretaxIncome": -22.5,
        "revenue": 243.5,
        "sgaExpense": 22.5,
        "totalOperatingExpense": 90,
        "totalOtherIncomeExpenseNet": 0.6
      },
      {
        "costOfGoodsSold": 102,
        "depreciationAmortization": 67.5,
        "dilutedAverageSharesOutstanding": 312.3,
        "dilutedEPS": 0.02,
        "ebit": 54.3,
        "gainLossOnDispositionOfAssets": 10.2,
        "grossIncome": 140.2,
        "interestExpense": 57.308,
        "interestIncomeExpense": -57.4,
        "minorityInterest": 0,
        "netIncome": 5.4,
        "netIncomeAfterTaxes": 5.5,
        "nonRecurringItems": -0.7,
        "period": "2017-06-30",
        "pretaxIncome": 5.5,
        "revenue": 242.2,
        "sgaExpense": 18.4,
        "totalOperatingExpense": 85.9,
        "totalOtherIncomeExpenseNet": -0.9
      },
      {
        "costOfGoodsSold": 99.6,
        "depreciationAmortization": 67.6,
        "dilutedAverageSharesOutstanding": 311.7,
        "dilutedEPS": -0.08,
        "ebit": 13.3,
        "gainLossOnDispositionOfAssets": 14.3,
        "grossIncome": 139.1,
        "interestExpense": 64.82,
        "interestIncomeExpense": -68.6,
        "minorityInterest": 0,
        "netIncome": -25.5,
        "netIncomeAfterTaxes": -42.4,
        "nonRecurringItems": -1.2,
        "period": "2017-03-31",
        "pretaxIncome": -42.4,
        "revenue": 238.8,
        "sgaExpense": 58.3,
        "totalOperatingExpense": 125.9,
        "totalOtherIncomeExpenseNet": -0.2
      },
      {
        "costOfGoodsSold": 97.7,
        "depreciationAmortization": 69.4,
        "dilutedAverageSharesOutstanding": 335.2,
        "dilutedEPS": -0.08,
        "ebit": 48,
        "gainLossOnDispositionOfAssets": 5.4,
        "grossIncome": 136.9,
        "interestExpense": 76.883,
        "interestIncomeExpense": -76.9,
        "netIncome": -26.6,
        "netIncomeAfterTaxes": -26.6,
        "nonRecurringItems": -2.6,
        "period": "2016-12-31",
        "pretaxIncome": -26.6,
        "revenue": 234.6,
        "sgaExpense": 19.5,
        "totalOperatingExpense": 88.9,
        "totalOtherIncomeExpenseNet": -0.5
      },
      {
        "costOfGoodsSold": 102,
        "depreciationAmortization": 66.5,
        "dilutedAverageSharesOutstanding": 302.1,
        "dilutedEPS": -0.07,
        "ebit": 45.8,
        "gainLossOnDispositionOfAssets": 3,
        "grossIncome": 131.1,
        "interestExpense": 68.365,
        "interestIncomeExpense": -68.4,
        "netIncome": -21.9,
        "netIncomeAfterTaxes": -21.9,
        "nonRecurringItems": -1.3,
        "period": "2016-09-30",
        "pretaxIncome": -21.9,
        "revenue": 233,
        "sgaExpense": 18.8,
        "totalOperatingExpense": 85.2,
        "totalOtherIncomeExpenseNet": -1.1
      },
      {
        "costOfGoodsSold": 98.8,
        "depreciationAmortization": 66.1,
        "dilutedAverageSharesOutstanding": 302.1,
        "dilutedEPS": -0.07,
        "ebit": 50.2,
        "gainLossOnDispositionOfAssets": 1,
        "grossIncome": 131.7,
        "interestExpense": 70.523,
        "interestIncomeExpense": -70.5,
        "netIncome": -19.7,
        "netIncomeAfterTaxes": -19.7,
        "nonRecurringItems": -0.5,
        "period": "2016-06-30",
        "pretaxIncome": -19.7,
        "revenue": 230.5,
        "sgaExpense": 15.4,
        "totalOperatingExpense": 81.5,
        "totalOtherIncomeExpenseNet": 0.2
      },
      {
        "costOfGoodsSold": 92.4,
        "depreciationAmortization": 65.7,
        "dilutedAverageSharesOutstanding": 302.1,
        "dilutedEPS": -0.03,
        "ebit": 51.1,
        "gainLossOnDispositionOfAssets": 9.2,
        "grossIncome": 132.1,
        "interestExpense": 70.277,
        "interestIncomeExpense": -70.3,
        "netIncome": -10,
        "netIncomeAfterTaxes": -10,
        "nonRecurringItems": 0.2,
        "period": "2016-03-31",
        "pretaxIncome": -10,
        "revenue": 224.5,
        "sgaExpense": 15.4,
        "totalOperatingExpense": 81,
        "totalOtherIncomeExpenseNet": -0.2
      },
      {
        "costOfGoodsSold": 98.7,
        "depreciationAmortization": 64,
        "dilutedAverageSharesOutstanding": 302.1,
        "dilutedEPS": -0.13,
        "ebit": 34.2,
        "gainLossOnDispositionOfAssets": 0,
        "grossIncome": 118,
        "interestExpense": 69.606,
        "interestIncomeExpense": -69.6,
        "netIncome": -38.5,
        "netIncomeAfterTaxes": -38.5,
        "nonRecurringItems": -0.6,
        "otherOperatingExpensesTotal": -0.2,
        "period": "2015-12-31",
        "pretaxIncome": -38.5,
        "revenue": 216.7,
        "sgaExpense": 19.9,
        "totalOperatingExpense": 83.7,
        "totalOtherIncomeExpenseNet": -2.5
      },
      {
        "costOfGoodsSold": 103.8,
        "depreciationAmortization": 63.6,
        "dilutedAverageSharesOutstanding": 302.1,
        "dilutedEPS": -0.1,
        "ebit": 36,
        "gainLossOnDispositionOfAssets": 1.5,
        "grossIncome": 109.5,
        "interestExpense": 68.037,
        "interestIncomeExpense": -68,
        "netIncome": -31.3,
        "netIncomeAfterTaxes": -31.3,
        "nonRecurringItems": -0.7,
        "otherOperatingExpensesTotal": -22.1,
        "period": "2015-09-30",
        "pretaxIncome": -31.3,
        "revenue": 213.3,
        "sgaExpense": 32,
        "totalOperatingExpense": 73.5,
        "totalOtherIncomeExpenseNet": -0.1
      }
    ],
    "symbol": "INVH"
  }
}