{
  "symbol": "ORLY",
  "statement": "ic",
  "frequency": "quarterly",
  "timestamp": "2025-09-19T14:04:58.595684",
  "data": {
    "financials": [
      {
        "costOfGoodsSold": 2198.52,
        "dilutedAverageSharesOutstanding": 858.44,
        "dilutedEPS": 0.7789,
        "ebit": 914.47,
        "grossIncome": 2326.538,
        "interestExpense": 57.337,
        "interestIncomeExpense": -51.452,
        "netIncome": 668.595,
        "netIncomeAfterTaxes": 668.595,
        "period": "2025-06-30",
        "pretaxIncome": 861.455,
        "provisionforIncomeTaxes": 192.86,
        "revenue": 4525.058,
        "sgaExpense": 1412.068,
        "totalOperatingExpense": 1412.068,
        "totalOtherIncomeExpenseNet": -1.563
      },
      {
        "costOfGoodsSold": 2015.439,
        "dilutedAverageSharesOutstanding": 864.2868,
        "dilutedEPS": 0.623,
        "ebit": 741.466,
        "grossIncome": 2121.485,
        "interestExpense": 57.564,
        "interestIncomeExpense": -56.5,
        "netIncome": 538.485,
        "netIncomeAfterTaxes": 538.485,
        "period": "2025-03-31",
        "pretaxIncome": 684.351,
        "provisionforIncomeTaxes": 145.866,
        "revenue": 4136.924,
        "sgaExpense": 1380.019,
        "totalOperatingExpense": 1380.019,
        "totalOtherIncomeExpenseNet": -0.615
      },
      {
        "costOfGoodsSold": 1994.569,
        "dilutedAverageSharesOutstanding": 869.8665,
        "dilutedEPS": 0.6336,
        "ebit": 738.65,
        "grossIncome": 2101.032,
        "interestExpense": 55.403,
        "interestIncomeExpense": -53.647,
        "netIncome": 551.13,
        "netIncomeAfterTaxes": 551.13,
        "period": "2024-12-31",
        "pretaxIncome": 685.197,
        "provisionforIncomeTaxes": 134.067,
        "revenue": 4095.601,
        "sgaExpense": 1362.382,
        "totalOperatingExpense": 1362.382,
        "totalOtherIncomeExpenseNet": 0.194
      },
      {
        "costOfGoodsSold": 2113.212,
        "dilutedAverageSharesOutstanding": 874.9813,
        "dilutedEPS": 0.76,
        "ebit": 896.728,
        "grossIncome": 2251.225,
        "interestExpense": 55.166,
        "interestIncomeExpense": -49.811,
        "netIncome": 665.464,
        "netIncomeAfterTaxes": 665.464,
        "period": "2024-09-30",
        "pretaxIncome": 847.921,
        "provisionforIncomeTaxes": 182.457,
        "revenue": 4364.437,
        "sgaExpense": 1354.497,
        "totalOperatingExpense": 1354.497,
        "totalOtherIncomeExpenseNet": 1.004
      },
      {
        "costOfGoodsSold": 2104.141,
        "dilutedAverageSharesOutstanding": 885.6157,
        "dilutedEPS": 0.7,
        "ebit": 863.298,
        "grossIncome": 2168.06,
        "interestExpense": 54.831,
        "interestIncomeExpense": -52.803,
        "netIncome": 622.848,
        "netIncomeAfterTaxes": 622.848,
        "period": "2024-06-30",
        "pretaxIncome": 811.556,
        "provisionforIncomeTaxes": 188.708,
        "revenue": 4272.201,
        "sgaExpense": 1304.762,
        "totalOperatingExpense": 1304.762,
        "totalOtherIncomeExpenseNet": 1.061
      },
      {
        "costOfGoodsSold": 1942.068,
        "dilutedAverageSharesOutstanding": 891.7654,
        "dilutedEPS": 0.61,
        "ebit": 752.481,
        "grossIncome": 2034.172,
        "interestExpense": 57.148,
        "interestIncomeExpense": -51.992,
        "netIncome": 547.238,
        "netIncomeAfterTaxes": 547.238,
        "period": "2024-03-31",
        "pretaxIncome": 700.39,
        "provisionforIncomeTaxes": 153.152,
        "revenue": 3976.24,
        "sgaExpense": 1281.691,
        "totalOperatingExpense": 1281.691,
        "totalOtherIncomeExpenseNet": -0.099
      },
      {
        "costOfGoodsSold": 1864.586,
        "dilutedAverageSharesOutstanding": 894.8102,
        "dilutedEPS": 0.61,
        "ebit": 718.736,
        "grossIncome": 1967.429,
        "interestExpense": 56.148,
        "interestIncomeExpense": -49.368,
        "netIncome": 552.504,
        "netIncomeAfterTaxes": 552.504,
        "period": "2023-12-31",
        "pretaxIncome": 671.531,
        "provisionforIncomeTaxes": 119.027,
        "revenue": 3832.015,
        "sgaExpense": 1248.693,
        "totalOperatingExpense": 1248.693,
        "totalOtherIncomeExpenseNet": 2.163
      },
      {
        "costOfGoodsSold": 2042.9,
        "dilutedAverageSharesOutstanding": 908.8046,
        "dilutedEPS": 0.71,
        "ebit": 897.2,
        "grossIncome": 2160.5,
        "interestExpense": 51.361,
        "interestIncomeExpense": -51.5,
        "netIncome": 649.8,
        "netIncomeAfterTaxes": 649.8,
        "period": "2023-09-30",
        "pretaxIncome": 846.7,
        "provisionforIncomeTaxes": 196.8,
        "revenue": 4203.4,
        "sgaExpense": 1263.2,
        "totalOperatingExpense": 1263.3,
        "totalOtherIncomeExpenseNet": 0.9
      },
      {
        "costOfGoodsSold": 1982.4,
        "dilutedAverageSharesOutstanding": 920.444,
        "dilutedEPS": 0.68,
        "ebit": 853.8,
        "grossIncome": 2086.6,
        "interestExpense": 49.587,
        "interestIncomeExpense": -46.3,
        "netIncome": 627.4,
        "netIncomeAfterTaxes": 627.4,
        "period": "2023-06-30",
        "pretaxIncome": 809.1,
        "provisionforIncomeTaxes": 181.8,
        "revenue": 4069,
        "sgaExpense": 1232.8,
        "totalOperatingExpense": 1232.8,
        "totalOtherIncomeExpenseNet": 1.7
      },
      {
        "costOfGoodsSold": 1817.5,
        "dilutedAverageSharesOutstanding": 935.9232,
        "dilutedEPS": 0.55,
        "ebit": 716.6,
        "grossIncome": 1890.3,
        "interestExpense": 44.572,
        "interestIncomeExpense": -41.2,
        "netIncome": 516.9,
        "netIncomeAfterTaxes": 516.9,
        "period": "2023-03-31",
        "pretaxIncome": 677.4,
        "provisionforIncomeTaxes": 160.5,
        "revenue": 3707.9,
        "sgaExpense": 1173.7,
        "totalOperatingExpense": 1173.7,
        "totalOtherIncomeExpenseNet": 2
      },
      {
        "costOfGoodsSold": 1790.5,
        "dilutedAverageSharesOutstanding": 947.2026,
        "dilutedEPS": 0.55,
        "ebit": 682.2,
        "grossIncome": 1854,
        "interestExpense": 42.331,
        "interestIncomeExpense": -35.7,
        "netIncome": 528.6,
        "netIncomeAfterTaxes": 528.6,
        "period": "2022-12-31",
        "pretaxIncome": 646.2,
        "provisionforIncomeTaxes": 117.7,
        "revenue": 3644.5,
        "sgaExpense": 1171.7,
        "totalOperatingExpense": 1171.8,
        "totalOtherIncomeExpenseNet": -0.3
      },
      {
        "costOfGoodsSold": 1863.7,
        "dilutedAverageSharesOutstanding": 957.8521,
        "dilutedEPS": 0.61,
        "ebit": 804.2,
        "grossIncome": 1935,
        "interestExpense": 43.164,
        "interestIncomeExpense": -39.7,
        "netIncome": 585.4,
        "netIncomeAfterTaxes": 585.4,
        "period": "2022-09-30",
        "pretaxIncome": 761.8,
        "provisionforIncomeTaxes": 176.4,
        "revenue": 3798.6,
        "sgaExpense": 1130.8,
        "totalOperatingExpense": 1130.7,
        "totalOtherIncomeExpenseNet": -2.6
      },
      {
        "costOfGoodsSold": 1786,
        "dilutedAverageSharesOutstanding": 985.2407,
        "dilutedEPS": 0.58,
        "ebit": 798.6,
        "grossIncome": 1884.7,
        "interestExpense": 37.384,
        "interestIncomeExpense": -34.2,
        "netIncome": 576.8,
        "netIncomeAfterTaxes": 576.8,
        "period": "2022-06-30",
        "pretaxIncome": 757.3,
        "provisionforIncomeTaxes": 180.5,
        "revenue": 3670.7,
        "sgaExpense": 1086.2,
        "totalOperatingExpense": 1086.2,
        "totalOtherIncomeExpenseNet": -7.1
      },
      {
        "costOfGoodsSold": 1587.9,
        "dilutedAverageSharesOutstanding": 1007.7996,
        "dilutedEPS": 0.47,
        "ebit": 669.5,
        "grossIncome": 1708.1,
        "interestExpense": 34.841,
        "interestIncomeExpense": -32.8,
        "netIncome": 481.9,
        "netIncomeAfterTaxes": 481.9,
        "period": "2022-03-31",
        "pretaxIncome": 633.3,
        "provisionforIncomeTaxes": 151.4,
        "revenue": 3296,
        "sgaExpense": 1038.5,
        "totalOperatingExpense": 1038.6,
        "totalOtherIncomeExpenseNet": -3.4
      },
      {
        "costOfGoodsSold": 1557,
        "dilutedAverageSharesOutstanding": 1018.7791,
        "dilutedEPS": 0.5,
        "ebit": 675.9,
        "grossIncome": 1734.5,
        "interestExpense": 34.732,
        "interestIncomeExpense": -32.3,
        "netIncome": 519,
        "netIncomeAfterTaxes": 519,
        "period": "2021-12-31",
        "pretaxIncome": 644.2,
        "provisionforIncomeTaxes": 125.3,
        "revenue": 3291.5,
        "sgaExpense": 1058.7,
        "totalOperatingExpense": 1058.6,
        "totalOtherIncomeExpenseNet": 0.7
      },
      {
        "costOfGoodsSold": 1661.3,
        "dilutedAverageSharesOutstanding": 1038.5481,
        "dilutedEPS": 0.53,
        "ebit": 754.6,
        "grossIncome": 1818.2,
        "interestExpense": 34.873,
        "interestIncomeExpense": -32.5,
        "netIncome": 558.7,
        "netIncomeAfterTaxes": 558.7,
        "period": "2021-09-30",
        "pretaxIncome": 720.5,
        "provisionforIncomeTaxes": 161.9,
        "revenue": 3479.6,
        "sgaExpense": 1063.6,
        "totalOperatingExpense": 1063.7,
        "totalOtherIncomeExpenseNet": -1.6
      },
      {
        "costOfGoodsSold": 1639.2,
        "dilutedAverageSharesOutstanding": 1053.9073,
        "dilutedEPS": 0.55,
        "ebit": 795.6,
        "grossIncome": 1826.4,
        "interestExpense": 37.657,
        "interestIncomeExpense": -34.7,
        "netIncome": 585.5,
        "netIncomeAfterTaxes": 585.5,
        "period": "2021-06-30",
        "pretaxIncome": 761.3,
        "provisionforIncomeTaxes": 175.9,
        "revenue": 3465.6,
        "sgaExpense": 1030.8,
        "totalOperatingExpense": 1030.8,
        "totalOtherIncomeExpenseNet": 0.5
      },
      {
        "costOfGoodsSold": 1450.1,
        "dilutedAverageSharesOutstanding": 1065.1718,
        "dilutedEPS": 0.47,
        "ebit": 691.1,
        "grossIncome": 1640.8,
        "interestExpense": 37.506,
        "interestIncomeExpense": -35.5,
        "netIncome": 501.6,
        "netIncomeAfterTaxes": 501.6,
        "period": "2021-03-31",
        "pretaxIncome": 655.8,
        "provisionforIncomeTaxes": 154.2,
        "revenue": 3090.9,
        "sgaExpense": 949.7,
        "totalOperatingExpense": 949.7,
        "totalOtherIncomeExpenseNet": 0.2
      },
      {
        "costOfGoodsSold": 1356.6,
        "dilutedAverageSharesOutstanding": 1091.4954,
        "dilutedEPS": 0.35,
        "ebit": 537.7,
        "grossIncome": 1472.1,
        "interestExpense": 38.349,
        "interestIncomeExpense": -33.6,
        "netIncome": 392.9,
        "netIncomeAfterTaxes": 392.9,
        "nonRecurringItems": -3.4,
        "period": "2020-12-31",
        "pretaxIncome": 499.9,
        "provisionforIncomeTaxes": 107,
        "revenue": 2828.8,
        "sgaExpense": 934.5,
        "totalOperatingExpense": 934.5,
        "totalOtherIncomeExpenseNet": -0.8
      },
      {
        "costOfGoodsSold": 1527.2,
        "dilutedAverageSharesOutstanding": 1118.734,
        "dilutedEPS": 0.47,
        "ebit": 725,
        "grossIncome": 1680.5,
        "interestExpense": 41.668,
        "interestIncomeExpense": -39.2,
        "netIncome": 527.3,
        "netIncomeAfterTaxes": 527.3,
        "period": "2020-09-30",
        "pretaxIncome": 686.4,
        "provisionforIncomeTaxes": 159.2,
        "revenue": 3207.6,
        "sgaExpense": 955.5,
        "totalOperatingExpense": 955.4,
        "totalOtherIncomeExpenseNet": 0.6
      },
      {
        "costOfGoodsSold": 1454.4,
        "dilutedAverageSharesOutstanding": 1122.4388,
        "dilutedEPS": 0.47,
        "ebit": 736.5,
        "grossIncome": 1637.2,
        "interestExpense": 41.723,
        "interestIncomeExpense": -36.6,
        "netIncome": 531.7,
        "netIncomeAfterTaxes": 531.7,
        "period": "2020-06-30",
        "pretaxIncome": 700.4,
        "provisionforIncomeTaxes": 168.7,
        "revenue": 3091.6,
        "sgaExpense": 900.7,
        "totalOperatingExpense": 900.7,
        "totalOtherIncomeExpenseNet": 0.5
      },
      {
        "costOfGoodsSold": 1180.6,
        "dilutedAverageSharesOutstanding": 1134.8883,
        "dilutedEPS": 0.26,
        "ebit": 423.6,
        "grossIncome": 1295.9,
        "interestExpense": 39.386,
        "interestIncomeExpense": -43.9,
        "netIncome": 300.4,
        "netIncomeAfterTaxes": 300.4,
        "period": "2020-03-31",
        "pretaxIncome": 379.7,
        "provisionforIncomeTaxes": 79.2,
        "revenue": 2476.5,
        "sgaExpense": 872.3,
        "totalOperatingExpense": 872.3,
        "totalOtherIncomeExpenseNet": 0
      },
      {
        "costOfGoodsSold": 1158.4,
        "dilutedAverageSharesOutstanding": 1147.3226,
        "dilutedEPS": 0.28,
        "ebit": 441.5,
        "grossIncome": 1324.6,
        "interestExpense": 35.288,
        "interestIncomeExpense": -32.7,
        "netIncome": 324.9,
        "netIncomeAfterTaxes": 324.9,
        "period": "2019-12-31",
        "pretaxIncome": 409.3,
        "provisionforIncomeTaxes": 84.4,
        "revenue": 2483,
        "sgaExpense": 883.1,
        "totalOperatingExpense": 883.1,
        "totalOtherIncomeExpenseNet": 0.5
      },
      {
        "costOfGoodsSold": 1244,
        "dilutedAverageSharesOutstanding": 1154.4773,
        "dilutedEPS": 0.33,
        "ebit": 536.4,
        "grossIncome": 1422.5,
        "interestExpense": 35.858,
        "interestIncomeExpense": -35,
        "netIncome": 391.3,
        "netIncomeAfterTaxes": 391.3,
        "period": "2019-09-30",
        "pretaxIncome": 501.9,
        "provisionforIncomeTaxes": 110.6,
        "revenue": 2666.5,
        "sgaExpense": 886.2,
        "totalOperatingExpense": 886.2,
        "totalOtherIncomeExpenseNet": 0.5
      },
      {
        "costOfGoodsSold": 1221.6,
        "dilutedAverageSharesOutstanding": 1176.1212,
        "dilutedEPS": 0.3,
        "ebit": 498.1,
        "grossIncome": 1368.3,
        "interestExpense": 34.538,
        "interestIncomeExpense": -32.9,
        "netIncome": 353.7,
        "netIncomeAfterTaxes": 353.7,
        "period": "2019-06-30",
        "pretaxIncome": 465,
        "provisionforIncomeTaxes": 111.3,
        "revenue": 2589.9,
        "sgaExpense": 870.2,
        "totalOperatingExpense": 870.2,
        "totalOtherIncomeExpenseNet": -0.2
      },
      {
        "costOfGoodsSold": 1131.3,
        "dilutedAverageSharesOutstanding": 1189.3955,
        "dilutedEPS": 0.27,
        "ebit": 444.8,
        "grossIncome": 1279.3,
        "interestExpense": 34.291,
        "interestIncomeExpense": -33.6,
        "netIncome": 321.2,
        "netIncomeAfterTaxes": 321.2,
        "period": "2019-03-31",
        "pretaxIncome": 414.2,
        "provisionforIncomeTaxes": 93,
        "revenue": 2410.6,
        "sgaExpense": 834.5,
        "totalOperatingExpense": 834.5,
        "totalOtherIncomeExpenseNet": 3
      },
      {
        "costOfGoodsSold": 1080.6,
        "dilutedAverageSharesOutstanding": 1208.8945,
        "dilutedEPS": 0.24,
        "ebit": 428,
        "grossIncome": 1234.3,
        "interestExpense": 31.468,
        "interestIncomeExpense": -30.8,
        "netIncome": 300.4,
        "netIncomeAfterTaxes": 299.1,
        "period": "2018-12-31",
        "pretaxIncome": 393.2,
        "provisionforIncomeTaxes": 94.1,
        "revenue": 2315,
        "sgaExpense": 806.3,
        "totalOperatingExpense": 806.3,
        "totalOtherIncomeExpenseNet": -4.1
      },
      {
        "costOfGoodsSold": 1167,
        "dilutedAverageSharesOutstanding": 1221.089,
        "dilutedEPS": 0.29,
        "ebit": 485.1,
        "grossIncome": 1315.8,
        "interestExpense": 31.582,
        "interestIncomeExpense": -30.9,
        "netIncome": 366.2,
        "netIncomeAfterTaxes": 366.2,
        "period": "2018-09-30",
        "pretaxIncome": 455.7,
        "provisionforIncomeTaxes": 89.5,
        "revenue": 2482.7,
        "sgaExpense": 830.6,
        "totalOperatingExpense": 830.6,
        "totalOtherIncomeExpenseNet": 1.4
      },
      {
        "costOfGoodsSold": 1167.4,
        "dilutedAverageSharesOutstanding": 1237.9781,
        "dilutedEPS": 0.28,
        "ebit": 479.2,
        "grossIncome": 1288.6,
        "interestExpense": 30.862,
        "interestIncomeExpense": -30.3,
        "netIncome": 353.1,
        "netIncomeAfterTaxes": 353.1,
        "period": "2018-06-30",
        "pretaxIncome": 449.9,
        "provisionforIncomeTaxes": 96.8,
        "revenue": 2456.1,
        "sgaExpense": 809.5,
        "totalOperatingExpense": 809.5,
        "totalOtherIncomeExpenseNet": 1
      },
      {
        "costOfGoodsSold": 1081.4,
        "dilutedAverageSharesOutstanding": 1267.7816,
        "dilutedEPS": 0.24,
        "ebit": 422.8,
        "grossIncome": 1201.3,
        "interestExpense": 28.217,
        "interestIncomeExpense": -27.6,
        "netIncome": 304.9,
        "netIncomeAfterTaxes": 304.9,
        "period": "2018-03-31",
        "pretaxIncome": 395.4,
        "provisionforIncomeTaxes": 90.5,
        "revenue": 2282.7,
        "sgaExpense": 778.4,
        "totalOperatingExpense": 778.4,
        "totalOtherIncomeExpenseNet": 0.2
      },
      {
        "costOfGoodsSold": 1031.6,
        "dilutedAverageSharesOutstanding": 1280.9509,
        "dilutedEPS": 0.23,
        "ebit": 402.8,
        "grossIncome": 1159.2,
        "interestExpense": 26.794,
        "interestIncomeExpense": -26.2,
        "netIncome": 302.3,
        "netIncomeAfterTaxes": 249.3,
        "period": "2017-12-31",
        "pretaxIncome": 376.7,
        "provisionforIncomeTaxes": 127.4,
        "revenue": 2190.8,
        "sgaExpense": 756.3,
        "totalOperatingExpense": 756.4,
        "totalOtherIncomeExpenseNet": 0.1
      },
      {
        "costOfGoodsSold": 1109.5,
        "dilutedAverageSharesOutstanding": 1320.309,
        "dilutedEPS": 0.21,
        "ebit": 462,
        "grossIncome": 1230.3,
        "interestExpense": 24.324,
        "interestIncomeExpense": -23.7,
        "netIncome": 283.7,
        "netIncomeAfterTaxes": 283.7,
        "period": "2017-09-30",
        "pretaxIncome": 439.5,
        "provisionforIncomeTaxes": 155.8,
        "revenue": 2339.8,
        "sgaExpense": 768.3,
        "totalOperatingExpense": 768.4,
        "totalOtherIncomeExpenseNet": 1.3
      },
      {
        "costOfGoodsSold": 1090.8,
        "dilutedAverageSharesOutstanding": 1369.4165,
        "dilutedEPS": 0.2,
        "ebit": 457.4,
        "grossIncome": 1200.1,
        "interestExpense": 20.827,
        "interestIncomeExpense": -20.4,
        "netIncome": 282.8,
        "netIncomeAfterTaxes": 282.8,
        "period": "2017-06-30",
        "pretaxIncome": 436.3,
        "provisionforIncomeTaxes": 153.5,
        "revenue": 2290.8,
        "sgaExpense": 742.6,
        "totalOperatingExpense": 742.6,
        "totalOtherIncomeExpenseNet": -0.8
      },
      {
        "costOfGoodsSold": 1025.1,
        "dilutedAverageSharesOutstanding": 1402.3549,
        "dilutedEPS": 0.18,
        "ebit": 403.2,
        "grossIncome": 1131.1,
        "interestExpense": 19.404,
        "interestIncomeExpense": -18.7,
        "netIncome": 264.9,
        "netIncomeAfterTaxes": 264.9,
        "period": "2017-03-31",
        "pretaxIncome": 385.2,
        "provisionforIncomeTaxes": 120.3,
        "revenue": 2156.3,
        "sgaExpense": 728,
        "totalOperatingExpense": 728,
        "totalOtherIncomeExpenseNet": 0.8
      },
      {
        "costOfGoodsSold": 985.1,
        "dilutedAverageSharesOutstanding": 1424.2238,
        "dilutedEPS": 0.17,
        "ebit": 407.7,
        "grossIncome": 1114.2,
        "interestExpense": 18.703,
        "interestIncomeExpense": -17.7,
        "netIncome": 246,
        "netIncomeAfterTaxes": 246,
        "period": "2016-12-31",
        "pretaxIncome": 390.9,
        "provisionforIncomeTaxes": 144.9,
        "revenue": 2099.3,
        "sgaExpense": 706.5,
        "totalOperatingExpense": 706.5,
        "totalOtherIncomeExpenseNet": 0.9
      },
      {
        "costOfGoodsSold": 1050.9,
        "dilutedAverageSharesOutstanding": 1441.7279,
        "dilutedEPS": 0.19,
        "ebit": 447.8,
        "grossIncome": 1170,
        "interestExpense": 18.706,
        "interestIncomeExpense": -17.5,
        "netIncome": 278.5,
        "netIncomeAfterTaxes": 278.5,
        "period": "2016-09-30",
        "pretaxIncome": 431.9,
        "provisionforIncomeTaxes": 153.4,
        "revenue": 2221,
        "sgaExpense": 722.2,
        "totalOperatingExpense": 722.2,
        "totalOtherIncomeExpenseNet": 1.6
      },
      {
        "costOfGoodsSold": 1049.5,
        "dilutedAverageSharesOutstanding": 1459.157,
        "dilutedEPS": 0.17,
        "ebit": 425.1,
        "grossIncome": 1127.2,
        "interestExpense": 18.701,
        "interestIncomeExpense": -17.5,
        "netIncome": 257.8,
        "netIncomeAfterTaxes": 257.8,
        "period": "2016-06-30",
        "pretaxIncome": 408.8,
        "provisionforIncomeTaxes": 151,
        "revenue": 2176.7,
        "sgaExpense": 702.1,
        "totalOperatingExpense": 702.1,
        "totalOtherIncomeExpenseNet": 1.2
      },
      {
        "costOfGoodsSold": 998.6,
        "dilutedAverageSharesOutstanding": 1477.9811,
        "dilutedEPS": 0.17,
        "ebit": 418.6,
        "grossIncome": 1097.6,
        "interestExpense": 14.821,
        "interestIncomeExpense": -14.1,
        "netIncome": 255.4,
        "netIncomeAfterTaxes": 255.4,
        "period": "2016-03-31",
        "pretaxIncome": 405.6,
        "provisionforIncomeTaxes": 150.2,
        "revenue": 2096.2,
        "sgaExpense": 679,
        "totalOperatingExpense": 678.9,
        "totalOtherIncomeExpenseNet": 1
      },
      {
        "costOfGoodsSold": 921.4,
        "dilutedAverageSharesOutstanding": 1498.92,
        "dilutedEPS": 0.14,
        "ebit": 362.6,
        "grossIncome": 1027.6,
        "interestExpense": 14.112,
        "interestIncomeExpense": -13.5,
        "netIncome": 218.6,
        "netIncomeAfterTaxes": 218.6,
        "period": "2015-12-31",
        "pretaxIncome": 349.6,
        "provisionforIncomeTaxes": 131.1,
        "revenue": 1949.1,
        "sgaExpense": 665,
        "totalOperatingExpense": 665,
        "totalOtherIncomeExpenseNet": 0.5
      },
      {
        "costOfGoodsSold": 990.9,
        "dilutedAverageSharesOutstanding": 1511.4744,
        "dilutedEPS": 0.17,
        "ebit": 415.3,
        "grossIncome": 1089.3,
        "interestExpense": 14.296,
        "interestIncomeExpense": -13.7,
        "netIncome": 266.3,
        "netIncomeAfterTaxes": 266.3,
        "period": "2015-09-30",
        "pretaxIncome": 400.9,
        "provisionforIncomeTaxes": 134.6,
        "revenue": 2080.2,
        "sgaExpense": 674,
        "totalOperatingExpense": 674,
        "totalOtherIncomeExpenseNet": -0.6
      }
    ],
    "symbol": "ORLY"
  }
}