{
  "symbol": "MPWR",
  "statement": "ic",
  "frequency": "quarterly",
  "timestamp": "2025-09-19T14:04:15.720190",
  "data": {
    "financials": [
      {
        "costOfGoodsSold": 298.558,
        "dilutedAverageSharesOutstanding": 48.019,
        "dilutedEPS": 2.7849,
        "ebit": 164.758,
        "grossIncome": 366.016,
        "interestIncomeExpense": 6.043,
        "netIncome": 133.726,
        "netIncomeAfterTaxes": 133.726,
        "period": "2025-06-30",
        "pretaxIncome": 176.978,
        "provisionforIncomeTaxes": 43.252,
        "researchDevelopment": 96.266,
        "revenue": 664.574,
        "sgaExpense": 104.992,
        "totalOperatingExpense": 201.258,
        "totalOtherIncomeExpenseNet": 6.177
      },
      {
        "costOfGoodsSold": 284.324,
        "dilutedAverageSharesOutstanding": 48.006,
        "dilutedEPS": 2.787,
        "ebit": 168.759,
        "grossIncome": 353.23,
        "interestIncomeExpense": 5.697,
        "netIncome": 133.791,
        "netIncomeAfterTaxes": 133.791,
        "period": "2025-03-31",
        "pretaxIncome": 173.89,
        "provisionforIncomeTaxes": 40.099,
        "researchDevelopment": 92.227,
        "revenue": 637.554,
        "sgaExpense": 92.244,
        "totalOperatingExpense": 184.471,
        "totalOtherIncomeExpenseNet": -0.566
      },
      {
        "costOfGoodsSold": 277.257,
        "dilutedAverageSharesOutstanding": 48.505,
        "dilutedEPS": 29.8807,
        "ebit": 163.307,
        "grossIncome": 344.408,
        "interestIncomeExpense": 6.744,
        "netIncome": 1449.363,
        "netIncomeAfterTaxes": 1449.363,
        "nonRecurringItems": 0,
        "period": "2024-12-31",
        "pretaxIncome": 169.531,
        "provisionforIncomeTaxes": -1279.832,
        "researchDevelopment": 85.762,
        "revenue": 621.665,
        "sgaExpense": 95.339,
        "totalOperatingExpense": 181.101,
        "totalOtherIncomeExpenseNet": -0.52
      },
      {
        "costOfGoodsSold": 276.676,
        "dilutedAverageSharesOutstanding": 48.964,
        "dilutedEPS": 2.9497,
        "ebit": 164.028,
        "grossIncome": 343.443,
        "interestIncomeExpense": 6.805,
        "netIncome": 144.43,
        "netIncomeAfterTaxes": 144.43,
        "nonRecurringItems": 0,
        "period": "2024-09-30",
        "pretaxIncome": 174.306,
        "provisionforIncomeTaxes": 29.876,
        "researchDevelopment": 85.051,
        "revenue": 620.119,
        "sgaExpense": 94.364,
        "totalOperatingExpense": 179.415,
        "totalOtherIncomeExpenseNet": 3.473
      },
      {
        "costOfGoodsSold": 226.853,
        "dilutedAverageSharesOutstanding": 48.945,
        "dilutedEPS": 2.0506,
        "ebit": 116.536,
        "grossIncome": 280.578,
        "interestIncomeExpense": 6.63,
        "netIncome": 100.366,
        "netIncomeAfterTaxes": 100.366,
        "nonRecurringItems": 0,
        "period": "2024-06-30",
        "pretaxIncome": 124.048,
        "provisionforIncomeTaxes": 23.682,
        "researchDevelopment": 77.945,
        "revenue": 507.431,
        "sgaExpense": 86.097,
        "totalOperatingExpense": 164.042,
        "totalOtherIncomeExpenseNet": 0.882
      },
      {
        "costOfGoodsSold": 205.444,
        "dilutedAverageSharesOutstanding": 48.928,
        "dilutedEPS": 1.8914,
        "ebit": 95.887,
        "grossIncome": 252.441,
        "interestIncomeExpense": 6.914,
        "netIncome": 92.541,
        "netIncomeAfterTaxes": 92.541,
        "nonRecurringItems": -0.4,
        "period": "2024-03-31",
        "pretaxIncome": 105.027,
        "provisionforIncomeTaxes": 12.486,
        "researchDevelopment": 75.99,
        "revenue": 457.885,
        "sgaExpense": 80.564,
        "totalOperatingExpense": 156.554,
        "totalOtherIncomeExpenseNet": 2.626
      },
      {
        "costOfGoodsSold": 202.889,
        "dilutedAverageSharesOutstanding": 48.882,
        "dilutedEPS": 1.9824,
        "ebit": 109.569,
        "grossIncome": 251.123,
        "interestIncomeExpense": 6.519,
        "netIncome": 96.905,
        "netIncomeAfterTaxes": 96.905,
        "period": "2023-12-31",
        "pretaxIncome": 119.545,
        "provisionforIncomeTaxes": 22.64,
        "researchDevelopment": 71.459,
        "revenue": 454.012,
        "sgaExpense": 70.095,
        "totalOperatingExpense": 141.554,
        "totalOtherIncomeExpenseNet": 3.457
      },
      {
        "costOfGoodsSold": 211.3,
        "dilutedAverageSharesOutstanding": 48.8,
        "dilutedEPS": 2.48,
        "ebit": 135.6,
        "grossIncome": 263.5,
        "interestIncomeExpense": 6.1,
        "netIncome": 121.2,
        "netIncomeAfterTaxes": 121.2,
        "period": "2023-09-30",
        "pretaxIncome": 137.9,
        "provisionforIncomeTaxes": 16.7,
        "researchDevelopment": 64.8,
        "revenue": 474.9,
        "sgaExpense": 63.2,
        "totalOperatingExpense": 128,
        "totalOtherIncomeExpenseNet": -3.8
      },
      {
        "costOfGoodsSold": 193.5,
        "dilutedAverageSharesOutstanding": 48.8,
        "dilutedEPS": 2.04,
        "ebit": 112.3,
        "grossIncome": 247.7,
        "interestIncomeExpense": 7.4,
        "netIncome": 99.5,
        "netIncomeAfterTaxes": 99.5,
        "period": "2023-06-30",
        "pretaxIncome": 118.9,
        "provisionforIncomeTaxes": 19.4,
        "researchDevelopment": 63.7,
        "revenue": 441.1,
        "sgaExpense": 71.7,
        "totalOperatingExpense": 135.3,
        "totalOtherIncomeExpenseNet": -0.8
      },
      {
        "costOfGoodsSold": 192.3,
        "dilutedAverageSharesOutstanding": 48.7,
        "dilutedEPS": 2.26,
        "ebit": 124.3,
        "grossIncome": 258.8,
        "interestIncomeExpense": 4.8,
        "netIncome": 109.8,
        "netIncomeAfterTaxes": 109.8,
        "period": "2023-03-31",
        "pretaxIncome": 129.6,
        "provisionforIncomeTaxes": 19.8,
        "researchDevelopment": 63.7,
        "revenue": 451.1,
        "sgaExpense": 70.8,
        "totalOperatingExpense": 134.5,
        "totalOtherIncomeExpenseNet": 0.5
      },
      {
        "costOfGoodsSold": 192.2,
        "dilutedAverageSharesOutstanding": 48.5,
        "dilutedEPS": 2.45,
        "ebit": 140.1,
        "grossIncome": 267.8,
        "interestIncomeExpense": 3.5,
        "netIncome": 119.1,
        "netIncomeAfterTaxes": 119.1,
        "nonRecurringItems": -3.2,
        "period": "2022-12-31",
        "pretaxIncome": 140.8,
        "provisionforIncomeTaxes": 21.7,
        "researchDevelopment": 61.7,
        "revenue": 460,
        "sgaExpense": 66.1,
        "totalOperatingExpense": 127.7,
        "totalOtherIncomeExpenseNet": 0.4
      },
      {
        "costOfGoodsSold": 204.5,
        "dilutedAverageSharesOutstanding": 48.3,
        "dilutedEPS": 2.57,
        "ebit": 154,
        "grossIncome": 290.9,
        "interestIncomeExpense": 4.2,
        "netIncome": 124.3,
        "netIncomeAfterTaxes": 124.3,
        "nonRecurringItems": -2.1,
        "period": "2022-09-30",
        "pretaxIncome": 151.9,
        "provisionforIncomeTaxes": 27.5,
        "researchDevelopment": 67.3,
        "revenue": 495.4,
        "sgaExpense": 69.7,
        "totalOperatingExpense": 136.9,
        "totalOtherIncomeExpenseNet": -4.2
      },
      {
        "costOfGoodsSold": 190,
        "dilutedAverageSharesOutstanding": 48.3,
        "dilutedEPS": 2.37,
        "ebit": 143.2,
        "grossIncome": 271,
        "interestIncomeExpense": 3.7,
        "netIncome": 114.7,
        "netIncomeAfterTaxes": 114.7,
        "nonRecurringItems": -1.3,
        "period": "2022-06-30",
        "pretaxIncome": 136.8,
        "provisionforIncomeTaxes": 22.1,
        "researchDevelopment": 57.1,
        "revenue": 461,
        "sgaExpense": 70.7,
        "totalOperatingExpense": 127.8,
        "totalOtherIncomeExpenseNet": -8.8
      },
      {
        "costOfGoodsSold": 158.8,
        "dilutedAverageSharesOutstanding": 48.3,
        "dilutedEPS": 1.65,
        "ebit": 97.6,
        "grossIncome": 218.9,
        "interestIncomeExpense": 3.4,
        "netIncome": 79.6,
        "netIncomeAfterTaxes": 79.6,
        "nonRecurringItems": -1.5,
        "period": "2022-03-31",
        "pretaxIncome": 95.5,
        "provisionforIncomeTaxes": 15.9,
        "researchDevelopment": 54.1,
        "revenue": 377.7,
        "sgaExpense": 67.2,
        "totalOperatingExpense": 121.3,
        "totalOtherIncomeExpenseNet": -4
      },
      {
        "costOfGoodsSold": 142.6,
        "dilutedAverageSharesOutstanding": 48.2,
        "dilutedEPS": 1.51,
        "ebit": 78.2,
        "grossIncome": 193.9,
        "interestIncomeExpense": 3.4,
        "netIncome": 72.7,
        "netIncomeAfterTaxes": 72.7,
        "nonRecurringItems": 0.4,
        "period": "2021-12-31",
        "pretaxIncome": 82,
        "provisionforIncomeTaxes": 9.3,
        "researchDevelopment": 54.5,
        "revenue": 336.5,
        "sgaExpense": 61.2,
        "totalOperatingExpense": 115.7,
        "totalOtherIncomeExpenseNet": 0
      },
      {
        "costOfGoodsSold": 137.2,
        "dilutedAverageSharesOutstanding": 47.9,
        "dilutedEPS": 1.44,
        "ebit": 80.5,
        "grossIncome": 186.3,
        "interestIncomeExpense": 2.9,
        "netIncome": 68.8,
        "netIncomeAfterTaxes": 68.8,
        "nonRecurringItems": -3.4,
        "period": "2021-09-30",
        "pretaxIncome": 77.9,
        "provisionforIncomeTaxes": 9.2,
        "researchDevelopment": 49.5,
        "revenue": 323.5,
        "sgaExpense": 56.3,
        "totalOperatingExpense": 105.8,
        "totalOtherIncomeExpenseNet": -2.1
      },
      {
        "costOfGoodsSold": 129.1,
        "dilutedAverageSharesOutstanding": 47.8,
        "dilutedEPS": 1.16,
        "ebit": 62.2,
        "grossIncome": 164.2,
        "interestIncomeExpense": 2.4,
        "netIncome": 55.2,
        "netIncomeAfterTaxes": 55.2,
        "nonRecurringItems": -1.6,
        "period": "2021-06-30",
        "pretaxIncome": 63.7,
        "provisionforIncomeTaxes": 8.5,
        "researchDevelopment": 44.8,
        "revenue": 293.3,
        "sgaExpense": 57.2,
        "totalOperatingExpense": 102,
        "totalOtherIncomeExpenseNet": 0.6
      },
      {
        "costOfGoodsSold": 113.4,
        "dilutedAverageSharesOutstanding": 47.7,
        "dilutedEPS": 0.95,
        "ebit": 47.7,
        "grossIncome": 141.1,
        "interestIncomeExpense": 2.3,
        "netIncome": 45.4,
        "netIncomeAfterTaxes": 45.4,
        "nonRecurringItems": -1.6,
        "period": "2021-03-31",
        "pretaxIncome": 48.7,
        "provisionforIncomeTaxes": 3.3,
        "researchDevelopment": 41.9,
        "revenue": 254.5,
        "sgaExpense": 51.5,
        "totalOperatingExpense": 93.4,
        "totalOtherIncomeExpenseNet": 0.3
      },
      {
        "costOfGoodsSold": 104.2,
        "dilutedAverageSharesOutstanding": 47.6,
        "dilutedEPS": 0.9,
        "ebit": 41.5,
        "grossIncome": 128.9,
        "interestIncomeExpense": 1.8,
        "netIncome": 42.9,
        "netIncomeAfterTaxes": 42.9,
        "nonRecurringItems": -1.5,
        "period": "2020-12-31",
        "pretaxIncome": 44.4,
        "provisionforIncomeTaxes": 1.6,
        "researchDevelopment": 42.3,
        "revenue": 233,
        "sgaExpense": 45.1,
        "totalOperatingExpense": 87.4,
        "totalOtherIncomeExpenseNet": 2.7
      },
      {
        "costOfGoodsSold": 116.4,
        "dilutedAverageSharesOutstanding": 47,
        "dilutedEPS": 1.18,
        "ebit": 61.8,
        "grossIncome": 143,
        "interestIncomeExpense": 1.6,
        "netIncome": 55.6,
        "netIncomeAfterTaxes": 55.6,
        "nonRecurringItems": -1.8,
        "period": "2020-09-30",
        "pretaxIncome": 62.5,
        "provisionforIncomeTaxes": 6.9,
        "researchDevelopment": 37.7,
        "revenue": 259.4,
        "sgaExpense": 43.5,
        "totalOperatingExpense": 81.2,
        "totalOtherIncomeExpenseNet": 0.9
      },
      {
        "costOfGoodsSold": 83.6,
        "dilutedAverageSharesOutstanding": 46.8,
        "dilutedEPS": 0.64,
        "ebit": 30.1,
        "grossIncome": 102.6,
        "interestIncomeExpense": 2.3,
        "netIncome": 30.2,
        "netIncomeAfterTaxes": 30.2,
        "nonRecurringItems": -2.1,
        "period": "2020-06-30",
        "pretaxIncome": 33.2,
        "provisionforIncomeTaxes": 3,
        "researchDevelopment": 31.7,
        "revenue": 186.2,
        "sgaExpense": 40.9,
        "totalOperatingExpense": 72.6,
        "totalOtherIncomeExpenseNet": 2.9
      },
      {
        "costOfGoodsSold": 74.3,
        "dilutedAverageSharesOutstanding": 46.7,
        "dilutedEPS": 0.77,
        "ebit": 33.3,
        "grossIncome": 91.4,
        "interestIncomeExpense": 2.4,
        "netIncome": 35.8,
        "netIncomeAfterTaxes": 35.8,
        "nonRecurringItems": -2.3,
        "period": "2020-03-31",
        "pretaxIncome": 29.3,
        "provisionforIncomeTaxes": -6.5,
        "researchDevelopment": 26,
        "revenue": 165.8,
        "sgaExpense": 32.2,
        "totalOperatingExpense": 58.2,
        "totalOtherIncomeExpenseNet": -4.1
      },
      {
        "costOfGoodsSold": 74.8,
        "dilutedAverageSharesOutstanding": 46.5,
        "dilutedEPS": 0.69,
        "ebit": 31.7,
        "gainLossOnDispositionOfAssets": 0,
        "grossIncome": 91.9,
        "interestIncomeExpense": 1.7,
        "netIncome": 32.4,
        "netIncomeAfterTaxes": 34.4,
        "nonRecurringItems": -1,
        "period": "2019-12-31",
        "pretaxIncome": 33.4,
        "provisionforIncomeTaxes": -1,
        "researchDevelopment": 27,
        "revenue": 166.7,
        "sgaExpense": 33.2,
        "totalOperatingExpense": 60.2,
        "totalOtherIncomeExpenseNet": 1
      },
      {
        "costOfGoodsSold": 75.7,
        "dilutedAverageSharesOutstanding": 45.8,
        "dilutedEPS": 0.64,
        "ebit": 30.7,
        "gainLossOnDispositionOfAssets": 0.7,
        "grossIncome": 93.2,
        "interestIncomeExpense": 2,
        "netIncome": 29.5,
        "netIncomeAfterTaxes": 29.5,
        "nonRecurringItems": -0.7,
        "period": "2019-09-30",
        "pretaxIncome": 32.3,
        "provisionforIncomeTaxes": 2.8,
        "researchDevelopment": 27.7,
        "revenue": 168.8,
        "sgaExpense": 34.7,
        "totalOperatingExpense": 62.4,
        "totalOtherIncomeExpenseNet": -0.5
      },
      {
        "costOfGoodsSold": 67.8,
        "dilutedAverageSharesOutstanding": 45.5,
        "dilutedEPS": 0.45,
        "ebit": 20.6,
        "grossIncome": 83.2,
        "interestIncomeExpense": 1.7,
        "netIncome": 20.7,
        "netIncomeAfterTaxes": 20.7,
        "nonRecurringItems": -0.5,
        "period": "2019-06-30",
        "pretaxIncome": 22.3,
        "provisionforIncomeTaxes": 1.7,
        "researchDevelopment": 27.5,
        "revenue": 151,
        "sgaExpense": 35.1,
        "totalOperatingExpense": 62.6,
        "totalOtherIncomeExpenseNet": 0.5
      },
      {
        "costOfGoodsSold": 63.4,
        "dilutedAverageSharesOutstanding": 45.2,
        "dilutedEPS": 0.58,
        "ebit": 22,
        "grossIncome": 78,
        "interestIncomeExpense": 1.5,
        "netIncome": 26.2,
        "netIncomeAfterTaxes": 26.2,
        "nonRecurringItems": -0.3,
        "period": "2019-03-31",
        "pretaxIncome": 25.1,
        "provisionforIncomeTaxes": -1.1,
        "researchDevelopment": 25.5,
        "revenue": 141.4,
        "sgaExpense": 30.6,
        "totalOperatingExpense": 55.9,
        "totalOtherIncomeExpenseNet": 1.8
      },
      {
        "costOfGoodsSold": 68.9,
        "dilutedAverageSharesOutstanding": 45.1,
        "dilutedEPS": 0.6,
        "ebit": 33.5,
        "grossIncome": 84.6,
        "interestIncomeExpense": 1.8,
        "netIncome": 27.6,
        "netIncomeAfterTaxes": 27,
        "nonRecurringItems": -0.4,
        "period": "2018-12-31",
        "pretaxIncome": 32.7,
        "provisionforIncomeTaxes": 5.6,
        "researchDevelopment": 22.7,
        "revenue": 153.5,
        "sgaExpense": 28.4,
        "totalOperatingExpense": 51.1,
        "totalOtherIncomeExpenseNet": -2.1
      },
      {
        "costOfGoodsSold": 71,
        "dilutedAverageSharesOutstanding": 44.7,
        "dilutedEPS": 0.71,
        "ebit": 33.8,
        "grossIncome": 89,
        "interestIncomeExpense": 2.3,
        "netIncome": 31.6,
        "netIncomeAfterTaxes": 31.6,
        "nonRecurringItems": -0.3,
        "period": "2018-09-30",
        "pretaxIncome": 36.2,
        "provisionforIncomeTaxes": 4.6,
        "researchDevelopment": 25.6,
        "revenue": 160,
        "sgaExpense": 29.6,
        "totalOperatingExpense": 55.2,
        "totalOtherIncomeExpenseNet": 0.4
      },
      {
        "costOfGoodsSold": 62.2,
        "dilutedAverageSharesOutstanding": 44.4,
        "dilutedEPS": 0.55,
        "ebit": 25.5,
        "grossIncome": 77.6,
        "interestIncomeExpense": 2.2,
        "netIncome": 24.2,
        "netIncomeAfterTaxes": 24.2,
        "nonRecurringItems": -0.6,
        "period": "2018-06-30",
        "pretaxIncome": 27.1,
        "provisionforIncomeTaxes": 2.9,
        "researchDevelopment": 23.5,
        "revenue": 139.8,
        "sgaExpense": 28.6,
        "totalOperatingExpense": 52.1,
        "totalOtherIncomeExpenseNet": 0.1
      },
      {
        "costOfGoodsSold": 57.7,
        "dilutedAverageSharesOutstanding": 44.3,
        "dilutedEPS": 0.49,
        "ebit": 22.5,
        "grossIncome": 71.5,
        "interestIncomeExpense": 1.1,
        "netIncome": 21.9,
        "netIncomeAfterTaxes": 23.8,
        "nonRecurringItems": -0.5,
        "period": "2018-03-31",
        "pretaxIncome": 22.5,
        "provisionforIncomeTaxes": -1.3,
        "researchDevelopment": 21.6,
        "revenue": 129.2,
        "sgaExpense": 27.3,
        "totalOperatingExpense": 48.9,
        "totalOtherIncomeExpenseNet": -0.6
      },
      {
        "costOfGoodsSold": 58.3,
        "dilutedAverageSharesOutstanding": 44.2,
        "dilutedEPS": 0.27,
        "ebit": 25.4,
        "grossIncome": 71.2,
        "interestIncomeExpense": 1.3,
        "netIncome": 12.1,
        "netIncomeAfterTaxes": 63.8,
        "nonRecurringItems": -0.3,
        "period": "2017-12-31",
        "pretaxIncome": 26.7,
        "provisionforIncomeTaxes": -37.1,
        "researchDevelopment": 21.7,
        "revenue": 129.4,
        "sgaExpense": 24,
        "totalOperatingExpense": 45.8,
        "totalOtherIncomeExpenseNet": 0.3
      },
      {
        "costOfGoodsSold": 58.1,
        "dilutedAverageSharesOutstanding": 43.5,
        "dilutedEPS": 0.54,
        "ebit": 24.1,
        "grossIncome": 70.9,
        "interestIncomeExpense": 1.1,
        "netIncome": 23.6,
        "netIncomeAfterTaxes": 23.6,
        "nonRecurringItems": -0.3,
        "period": "2017-09-30",
        "pretaxIncome": 25.1,
        "provisionforIncomeTaxes": 1.4,
        "researchDevelopment": 21.4,
        "revenue": 128.9,
        "sgaExpense": 25.3,
        "totalOperatingExpense": 46.7,
        "totalOtherIncomeExpenseNet": 0.1
      },
      {
        "costOfGoodsSold": 50.8,
        "dilutedAverageSharesOutstanding": 43.4,
        "dilutedEPS": 0.35,
        "ebit": 15.3,
        "grossIncome": 61.4,
        "interestIncomeExpense": 1.2,
        "netIncome": 15,
        "netIncomeAfterTaxes": 15,
        "nonRecurringItems": -0.3,
        "period": "2017-06-30",
        "pretaxIncome": 16.2,
        "provisionforIncomeTaxes": 1.2,
        "researchDevelopment": 20.3,
        "revenue": 112.2,
        "sgaExpense": 25.9,
        "totalOperatingExpense": 46.1,
        "totalOtherIncomeExpenseNet": 0
      },
      {
        "costOfGoodsSold": 45.5,
        "dilutedAverageSharesOutstanding": 43.3,
        "dilutedEPS": 0.33,
        "ebit": 13.9,
        "grossIncome": 54.8,
        "interestIncomeExpense": 1.2,
        "netIncome": 14.5,
        "netIncomeAfterTaxes": 14.5,
        "nonRecurringItems": -0.3,
        "period": "2017-03-31",
        "pretaxIncome": 15,
        "provisionforIncomeTaxes": 0.5,
        "researchDevelopment": 18.9,
        "revenue": 100.4,
        "sgaExpense": 22.1,
        "totalOperatingExpense": 41,
        "totalOtherIncomeExpenseNet": 0.2
      },
      {
        "costOfGoodsSold": 47.1,
        "dilutedAverageSharesOutstanding": 42.4,
        "dilutedEPS": 0.39,
        "ebit": 17.2,
        "grossIncome": 56.5,
        "interestIncomeExpense": 0.9,
        "netIncome": 16.6,
        "netIncomeAfterTaxes": 16.6,
        "nonRecurringItems": 0.3,
        "period": "2016-12-31",
        "pretaxIncome": 18.4,
        "provisionforIncomeTaxes": 1.9,
        "researchDevelopment": 18,
        "revenue": 103.6,
        "sgaExpense": 21.3,
        "totalOperatingExpense": 39.3
      },
      {
        "costOfGoodsSold": 48.5,
        "dilutedAverageSharesOutstanding": 41.9,
        "dilutedEPS": 0.34,
        "ebit": 15.1,
        "grossIncome": 57.9,
        "interestIncomeExpense": 0.8,
        "netIncome": 14.4,
        "netIncomeAfterTaxes": 14.4,
        "nonRecurringItems": -0.1,
        "period": "2016-09-30",
        "pretaxIncome": 15.8,
        "provisionforIncomeTaxes": 1.4,
        "researchDevelopment": 20.5,
        "revenue": 106.5,
        "sgaExpense": 22.4,
        "totalOperatingExpense": 42.9
      },
      {
        "costOfGoodsSold": 43.2,
        "dilutedAverageSharesOutstanding": 41.7,
        "dilutedEPS": 0.27,
        "ebit": 11.5,
        "grossIncome": 50.9,
        "interestIncomeExpense": 0.6,
        "netIncome": 11.2,
        "netIncomeAfterTaxes": 11.2,
        "nonRecurringItems": 0,
        "period": "2016-06-30",
        "pretaxIncome": 12.1,
        "provisionforIncomeTaxes": 0.9,
        "researchDevelopment": 17.9,
        "revenue": 94.1,
        "sgaExpense": 21.5,
        "totalOperatingExpense": 39.4
      },
      {
        "costOfGoodsSold": 39,
        "dilutedAverageSharesOutstanding": 41.6,
        "dilutedEPS": 0.25,
        "ebit": 10.4,
        "grossIncome": 45.5,
        "interestIncomeExpense": 0.5,
        "netIncome": 10.6,
        "netIncomeAfterTaxes": 10.6,
        "nonRecurringItems": 0,
        "period": "2016-03-31",
        "pretaxIncome": 10.9,
        "provisionforIncomeTaxes": 0.3,
        "researchDevelopment": 17.3,
        "revenue": 84.5,
        "sgaExpense": 17.8,
        "totalOperatingExpense": 35.1
      },
      {
        "costOfGoodsSold": 40,
        "dilutedAverageSharesOutstanding": 41.4,
        "dilutedEPS": 0.24,
        "ebit": 12.1,
        "grossIncome": 46.9,
        "interestIncomeExpense": 0.6,
        "netIncome": 10.1,
        "netIncomeAfterTaxes": 10.1,
        "nonRecurringItems": -0.3,
        "period": "2015-12-31",
        "pretaxIncome": 12.3,
        "provisionforIncomeTaxes": 2.2,
        "researchDevelopment": 16.7,
        "revenue": 86.9,
        "sgaExpense": 18.1,
        "totalOperatingExpense": 34.8
      },
      {
        "costOfGoodsSold": 41.8,
        "dilutedAverageSharesOutstanding": 40.7,
        "dilutedEPS": 0.28,
        "ebit": 13.4,
        "grossIncome": 49.4,
        "interestIncomeExpense": 0,
        "netIncome": 11.2,
        "netIncomeAfterTaxes": 11.2,
        "nonRecurringItems": -0.1,
        "period": "2015-09-30",
        "pretaxIncome": 13.3,
        "provisionforIncomeTaxes": 2.1,
        "researchDevelopment": 17.3,
        "revenue": 91.2,
        "sgaExpense": 18.7,
        "totalOperatingExpense": 36
      }
    ],
    "symbol": "MPWR"
  }
}