{
  "symbol": "TT",
  "statement": "ic",
  "frequency": "annual",
  "timestamp": "2025-09-19T14:07:39.265226",
  "data": {
    "financials": [
      {
        "costOfGoodsSold": 12757.7,
        "dilutedAverageSharesOutstanding": 228.4,
        "dilutedEPS": 11.24,
        "ebit": 3500.1,
        "grossIncome": 7080.5,
        "interestExpense": 238.4,
        "interestIncomeExpense": -226.6,
        "minorityInterest": -21.6,
        "netIncome": 2567.9,
        "netIncomeAfterTaxes": 2614.2,
        "period": "2024-12-31",
        "pretaxIncome": 3241.8,
        "provisionforIncomeTaxes": 627.6,
        "revenue": 19838.2,
        "sgaExpense": 3580.4,
        "totalOperatingExpense": 3580.4,
        "totalOtherIncomeExpenseNet": -31.7,
        "year": 2024
      },
      {
        "costOfGoodsSold": 11820.4,
        "dilutedAverageSharesOutstanding": 230.7,
        "dilutedEPS": 8.77,
        "ebit": 2894,
        "grossIncome": 5857.2,
        "interestExpense": 234.5,
        "interestIncomeExpense": -239.2,
        "minorityInterest": -17.8,
        "netIncome": 2023.9,
        "netIncomeAfterTaxes": 2068.9,
        "nonRecurringItems": -52.2,
        "period": "2023-12-31",
        "pretaxIncome": 2567.3,
        "provisionforIncomeTaxes": 498.4,
        "revenue": 17677.6,
        "sgaExpense": 2963.2,
        "totalOperatingExpense": 2963.2,
        "totalOtherIncomeExpenseNet": -35.3,
        "year": 2023
      },
      {
        "costOfGoodsSold": 11027,
        "dilutedAverageSharesOutstanding": 235,
        "dilutedEPS": 7.47,
        "ebit": 2419,
        "grossIncome": 4965,
        "interestExpense": 223.5,
        "interestIncomeExpense": -232,
        "minorityInterest": -18,
        "netIncome": 1757,
        "netIncomeAfterTaxes": 1796,
        "period": "2022-12-31",
        "pretaxIncome": 2172,
        "provisionforIncomeTaxes": 376,
        "revenue": 15992,
        "sgaExpense": 2546,
        "totalOperatingExpense": 2546,
        "totalOtherIncomeExpenseNet": -15,
        "year": 2022
      },
      {
        "costOfGoodsSold": 9659,
        "dilutedAverageSharesOutstanding": 242,
        "dilutedEPS": 5.88,
        "ebit": 2050,
        "grossIncome": 4477,
        "interestExpense": 233.7,
        "interestIncomeExpense": -240,
        "minorityInterest": -13,
        "netIncome": 1423,
        "netIncomeAfterTaxes": 1457,
        "nonRecurringItems": -27,
        "period": "2021-12-31",
        "pretaxIncome": 1791,
        "provisionforIncomeTaxes": 334,
        "revenue": 14136,
        "sgaExpense": 2427,
        "totalOperatingExpense": 2427,
        "totalOtherIncomeExpenseNet": 8,
        "year": 2021
      },
      {
        "costOfGoodsSold": 8627,
        "dilutedAverageSharesOutstanding": 243,
        "dilutedEPS": 3.51,
        "ebit": 1609,
        "grossIncome": 3828,
        "interestExpense": 248.7,
        "interestIncomeExpense": -268,
        "minorityInterest": -14,
        "netIncome": 855,
        "netIncomeAfterTaxes": 991,
        "nonRecurringItems": -76,
        "period": "2020-12-31",
        "pretaxIncome": 1288,
        "provisionforIncomeTaxes": 297,
        "revenue": 12455,
        "sgaExpense": 2219,
        "totalOperatingExpense": 2219,
        "totalOtherIncomeExpenseNet": 24,
        "year": 2020
      },
      {
        "costOfGoodsSold": 9048,
        "dilutedAverageSharesOutstanding": 244,
        "dilutedEPS": 5.78,
        "ebit": 1723,
        "grossIncome": 4028,
        "interestExpense": 242.8,
        "interestIncomeExpense": -252,
        "minorityInterest": -15,
        "netIncome": 1411,
        "netIncomeAfterTaxes": 1160,
        "nonRecurringItems": -53,
        "period": "2019-12-31",
        "pretaxIncome": 1399,
        "provisionforIncomeTaxes": 239,
        "revenue": 13076,
        "sgaExpense": 2305,
        "totalOperatingExpense": 2305,
        "totalOtherIncomeExpenseNet": -20,
        "year": 2019
      },
      {
        "costOfGoodsSold": 8557,
        "dilutedAverageSharesOutstanding": 250,
        "dilutedEPS": 5.35,
        "ebit": 1556,
        "grossIncome": 3787,
        "interestExpense": 221,
        "interestIncomeExpense": -221,
        "minorityInterest": -15,
        "netIncome": 1338,
        "netIncomeAfterTaxes": 1023,
        "nonRecurringItems": -44,
        "period": "2018-12-31",
        "pretaxIncome": 1258,
        "provisionforIncomeTaxes": 235,
        "revenue": 12344,
        "sgaExpense": 2231,
        "totalOperatingExpense": 2231,
        "totalOtherIncomeExpenseNet": -33,
        "year": 2018
      },
      {
        "costOfGoodsSold": 9765,
        "dilutedAverageSharesOutstanding": 258,
        "dilutedEPS": 5.06,
        "ebit": 1727,
        "grossIncome": 4433,
        "interestExpense": 215.8,
        "interestIncomeExpense": -157,
        "minorityInterest": -10,
        "netIncome": 1303,
        "netIncomeAfterTaxes": 1317,
        "nonRecurringItems": -62,
        "period": "2017-12-31",
        "pretaxIncome": 1418,
        "provisionforIncomeTaxes": 101,
        "revenue": 14198,
        "sgaExpense": 2706,
        "totalOperatingExpense": 2705,
        "totalOtherIncomeExpenseNet": -90,
        "year": 2017
      },
      {
        "costOfGoodsSold": 9298,
        "dilutedAverageSharesOutstanding": 262,
        "dilutedEPS": 5.63,
        "ebit": 1639,
        "grossIncome": 4211,
        "interestExpense": 221.5,
        "interestIncomeExpense": 142,
        "minorityInterest": -17,
        "netIncome": 1476,
        "netIncomeAfterTaxes": 1460,
        "nonRecurringItems": -52,
        "period": "2016-12-31",
        "pretaxIncome": 1741,
        "provisionforIncomeTaxes": 282,
        "revenue": 13509,
        "sgaExpense": 2572,
        "totalOperatingExpense": 2572,
        "totalOtherIncomeExpenseNet": 12,
        "year": 2016
      },
      {
        "costOfGoodsSold": 9265,
        "dilutedAverageSharesOutstanding": 268,
        "dilutedEPS": 2.48,
        "ebit": 1526,
        "grossIncome": 4036,
        "interestExpense": 223,
        "interestIncomeExpense": -223,
        "minorityInterest": -18,
        "netIncome": 665,
        "netIncomeAfterTaxes": 707,
        "nonRecurringItems": -34,
        "period": "2015-12-31",
        "pretaxIncome": 1248,
        "provisionforIncomeTaxes": 541,
        "revenue": 13301,
        "sgaExpense": 2510,
        "totalOperatingExpense": 2510,
        "totalOtherIncomeExpenseNet": -21,
        "year": 2015
      }
    ],
    "symbol": "TT"
  }
}