{
  "symbol": "LVS",
  "statement": "ic",
  "frequency": "quarterly",
  "timestamp": "2025-09-19T14:03:05.653866",
  "data": {
    "financials": [
      {
        "costOfGoodsSold": 1538,
        "depreciationAmortization": 391,
        "dilutedAverageSharesOutstanding": 696,
        "dilutedEPS": 0.6624,
        "ebit": 791,
        "grossIncome": 1637,
        "interestExpense": 194,
        "interestIncomeExpense": -152,
        "minorityInterest": -58,
        "netIncome": 461,
        "netIncomeAfterTaxes": 519,
        "nonRecurringItems": -8,
        "period": "2025-06-30",
        "pretaxIncome": 609,
        "provisionforIncomeTaxes": 90,
        "researchDevelopment": 69,
        "revenue": 3175,
        "sgaExpense": 386,
        "totalOperatingExpense": 846,
        "totalOtherIncomeExpenseNet": -22
      },
      {
        "costOfGoodsSold": 1723,
        "depreciationAmortization": 377,
        "dilutedAverageSharesOutstanding": 713,
        "dilutedEPS": 0.49,
        "ebit": 616,
        "grossIncome": 1139,
        "interestExpense": 174,
        "interestIncomeExpense": -132,
        "minorityInterest": -56,
        "netIncome": 352,
        "netIncomeAfterTaxes": 408,
        "nonRecurringItems": -12,
        "period": "2025-03-31",
        "pretaxIncome": 471,
        "provisionforIncomeTaxes": 63,
        "researchDevelopment": 69,
        "revenue": 2862,
        "sgaExpense": 77,
        "totalOperatingExpense": 523,
        "totalOtherIncomeExpenseNet": -1
      },
      {
        "costOfGoodsSold": 1484,
        "depreciationAmortization": 363,
        "dilutedAverageSharesOutstanding": 722,
        "dilutedEPS": 0.45,
        "ebit": 599,
        "grossIncome": 1412,
        "interestExpense": 180,
        "interestIncomeExpense": -123,
        "minorityInterest": -68,
        "netIncome": 324,
        "netIncomeAfterTaxes": 392,
        "nonRecurringItems": -9,
        "period": "2024-12-31",
        "pretaxIncome": 461,
        "provisionforIncomeTaxes": 69,
        "researchDevelopment": 59,
        "revenue": 2896,
        "sgaExpense": 391,
        "totalOperatingExpense": 813,
        "totalOtherIncomeExpenseNet": -6
      },
      {
        "costOfGoodsSold": 1413,
        "depreciationAmortization": 339,
        "dilutedAverageSharesOutstanding": 731,
        "dilutedEPS": 0.38,
        "ebit": 515,
        "grossIncome": 1269,
        "interestExpense": 179,
        "interestIncomeExpense": -112,
        "minorityInterest": -78,
        "netIncome": 275,
        "netIncomeAfterTaxes": 353,
        "nonRecurringItems": -11,
        "period": "2024-09-30",
        "pretaxIncome": 403,
        "provisionforIncomeTaxes": 50,
        "researchDevelopment": 55,
        "revenue": 2682,
        "sgaExpense": 360,
        "totalOperatingExpense": 754,
        "totalOtherIncomeExpenseNet": 11
      },
      {
        "costOfGoodsSold": 1419,
        "depreciationAmortization": 330,
        "dilutedAverageSharesOutstanding": 741,
        "dilutedEPS": 0.48,
        "ebit": 607,
        "grossIncome": 1342,
        "interestExpense": 186,
        "interestIncomeExpense": -106,
        "minorityInterest": -71,
        "netIncome": 353,
        "netIncomeAfterTaxes": 424,
        "nonRecurringItems": -16,
        "period": "2024-06-30",
        "pretaxIncome": 496,
        "provisionforIncomeTaxes": 72,
        "researchDevelopment": 61,
        "revenue": 2761,
        "sgaExpense": 344,
        "totalOperatingExpense": 735,
        "totalOtherIncomeExpenseNet": 11
      },
      {
        "costOfGoodsSold": 1461,
        "depreciationAmortization": 336,
        "dilutedAverageSharesOutstanding": 752,
        "dilutedEPS": 0.66,
        "ebit": 731,
        "grossIncome": 1498,
        "interestExpense": 182,
        "interestIncomeExpense": -111,
        "minorityInterest": -89,
        "netIncome": 494,
        "netIncomeAfterTaxes": 583,
        "nonRecurringItems": -14,
        "period": "2024-03-31",
        "pretaxIncome": 600,
        "provisionforIncomeTaxes": 17,
        "researchDevelopment": 53,
        "revenue": 2959,
        "sgaExpense": 378,
        "totalOperatingExpense": 767,
        "totalOtherIncomeExpenseNet": -6
      },
      {
        "costOfGoodsSold": 1432,
        "depreciationAmortization": 348,
        "dilutedAverageSharesOutstanding": 760,
        "dilutedEPS": 0.5,
        "ebit": 715,
        "grossIncome": 1483,
        "interestExpense": 190,
        "interestIncomeExpense": -127,
        "minorityInterest": -87,
        "netIncome": 382,
        "netIncomeAfterTaxes": 469,
        "nonRecurringItems": -5,
        "period": "2023-12-31",
        "pretaxIncome": 592,
        "provisionforIncomeTaxes": 123,
        "researchDevelopment": 65,
        "revenue": 2915,
        "sgaExpense": 355,
        "totalOperatingExpense": 768,
        "totalOtherIncomeExpenseNet": 9
      },
      {
        "costOfGoodsSold": 1386,
        "depreciationAmortization": 328,
        "dilutedAverageSharesOutstanding": 766,
        "dilutedEPS": 0.5,
        "ebit": 692,
        "grossIncome": 1409,
        "interestExpense": 200,
        "interestIncomeExpense": -121,
        "minorityInterest": -69,
        "netIncome": 380,
        "netIncomeAfterTaxes": 449,
        "nonRecurringItems": -4,
        "period": "2023-09-30",
        "pretaxIncome": 571,
        "provisionforIncomeTaxes": 122,
        "researchDevelopment": 44,
        "revenue": 2795,
        "sgaExpense": 345,
        "totalOperatingExpense": 717,
        "totalOtherIncomeExpenseNet": 4
      },
      {
        "costOfGoodsSold": 1293,
        "depreciationAmortization": 302,
        "dilutedAverageSharesOutstanding": 767,
        "dilutedEPS": 0.41,
        "ebit": 541,
        "grossIncome": 1249,
        "interestExpense": 210,
        "interestIncomeExpense": -134,
        "minorityInterest": -56,
        "netIncome": 312,
        "netIncomeAfterTaxes": 368,
        "nonRecurringItems": -4,
        "period": "2023-06-30",
        "pretaxIncome": 417,
        "provisionforIncomeTaxes": 49,
        "researchDevelopment": 54,
        "revenue": 2542,
        "sgaExpense": 352,
        "totalOperatingExpense": 708,
        "totalOtherIncomeExpenseNet": 14
      },
      {
        "costOfGoodsSold": 1094,
        "depreciationAmortization": 288,
        "dilutedAverageSharesOutstanding": 766,
        "dilutedEPS": 0.19,
        "ebit": 392,
        "grossIncome": 1026,
        "interestExpense": 218,
        "interestIncomeExpense": -148,
        "minorityInterest": 2,
        "netIncome": 147,
        "netIncomeAfterTaxes": 145,
        "nonRecurringItems": -14,
        "period": "2023-03-31",
        "pretaxIncome": 195,
        "provisionforIncomeTaxes": 50,
        "researchDevelopment": 42,
        "revenue": 2120,
        "sgaExpense": 304,
        "totalOperatingExpense": 634,
        "totalOtherIncomeExpenseNet": -35
      },
      {
        "costOfGoodsSold": 665,
        "depreciationAmortization": 269,
        "dilutedAverageSharesOutstanding": 764,
        "dilutedEPS": -0.21,
        "ebit": -165,
        "grossIncome": 452,
        "interestExpense": 201,
        "interestIncomeExpense": -141,
        "minorityInterest": 105,
        "netIncome": -169,
        "netIncomeAfterTaxes": -269,
        "nonRecurringItems": -1,
        "period": "2022-12-31",
        "pretaxIncome": -287,
        "provisionforIncomeTaxes": -18,
        "researchDevelopment": 35,
        "revenue": 1117,
        "sgaExpense": 313,
        "totalOperatingExpense": 617,
        "totalOtherIncomeExpenseNet": 20
      },
      {
        "costOfGoodsSold": 577,
        "depreciationAmortization": 274,
        "dilutedAverageSharesOutstanding": 764,
        "dilutedEPS": -0.31,
        "ebit": -175,
        "grossIncome": 428,
        "interestExpense": 183,
        "interestIncomeExpense": -145,
        "minorityInterest": 142,
        "netIncome": -239,
        "netIncomeAfterTaxes": -380,
        "nonRecurringItems": -2,
        "period": "2022-09-30",
        "pretaxIncome": -320,
        "provisionforIncomeTaxes": 60,
        "researchDevelopment": 26,
        "revenue": 1005,
        "sgaExpense": 303,
        "totalOperatingExpense": 603,
        "totalOtherIncomeExpenseNet": 2
      },
      {
        "costOfGoodsSold": 602,
        "depreciationAmortization": 270,
        "dilutedAverageSharesOutstanding": 764,
        "dilutedEPS": -0.38,
        "ebit": -147,
        "grossIncome": 443,
        "interestExpense": 162,
        "interestIncomeExpense": -148,
        "minorityInterest": 127,
        "netIncome": -290,
        "netIncomeAfterTaxes": -414,
        "nonRecurringItems": 0,
        "period": "2022-06-30",
        "pretaxIncome": -304,
        "provisionforIncomeTaxes": 110,
        "researchDevelopment": 22,
        "revenue": 1045,
        "sgaExpense": 298,
        "totalOperatingExpense": 590,
        "totalOtherIncomeExpenseNet": -9
      },
      {
        "costOfGoodsSold": 616,
        "depreciationAmortization": 278,
        "dilutedAverageSharesOutstanding": 764,
        "dilutedEPS": 3.31,
        "ebit": -296,
        "grossIncome": 327,
        "interestExpense": 156,
        "interestIncomeExpense": -152,
        "minorityInterest": 101,
        "netIncome": 2530,
        "netIncomeAfterTaxes": -478,
        "nonRecurringItems": -6,
        "period": "2022-03-31",
        "pretaxIncome": -476,
        "provisionforIncomeTaxes": 2,
        "researchDevelopment": 60,
        "revenue": 943,
        "sgaExpense": 285,
        "totalOperatingExpense": 623,
        "totalOtherIncomeExpenseNet": -22
      },
      {
        "costOfGoodsSold": 603,
        "depreciationAmortization": 280,
        "dilutedAverageSharesOutstanding": 764,
        "dilutedEPS": -0.16,
        "ebit": -129,
        "grossIncome": 405,
        "interestExpense": 152,
        "interestIncomeExpense": -151,
        "minorityInterest": 74,
        "netIncome": -123,
        "netIncomeAfterTaxes": -315,
        "nonRecurringItems": -9,
        "period": "2021-12-31",
        "pretaxIncome": -301,
        "provisionforIncomeTaxes": 14,
        "researchDevelopment": 50,
        "revenue": 1008,
        "sgaExpense": 204,
        "totalOperatingExpense": 534,
        "totalOtherIncomeExpenseNet": -12
      },
      {
        "costOfGoodsSold": 584,
        "depreciationAmortization": 276,
        "dilutedAverageSharesOutstanding": 764,
        "dilutedEPS": -0.48,
        "ebit": -312,
        "grossIncome": 273,
        "interestExpense": 157,
        "interestIncomeExpense": -156,
        "minorityInterest": 127,
        "netIncome": -368,
        "netIncomeAfterTaxes": -594,
        "nonRecurringItems": -141,
        "period": "2021-09-30",
        "pretaxIncome": -621,
        "provisionforIncomeTaxes": -27,
        "researchDevelopment": 13,
        "revenue": 857,
        "sgaExpense": 296,
        "totalOperatingExpense": 585,
        "totalOtherIncomeExpenseNet": -12
      },
      {
        "costOfGoodsSold": 711,
        "depreciationAmortization": 272,
        "dilutedAverageSharesOutstanding": 764,
        "dilutedEPS": -0.25,
        "ebit": -128,
        "grossIncome": 462,
        "interestExpense": 158,
        "interestIncomeExpense": -157,
        "minorityInterest": 50,
        "netIncome": -192,
        "netIncomeAfterTaxes": -280,
        "nonRecurringItems": -11,
        "period": "2021-06-30",
        "pretaxIncome": -286,
        "provisionforIncomeTaxes": -6,
        "researchDevelopment": 37,
        "revenue": 1173,
        "sgaExpense": 281,
        "totalOperatingExpense": 590,
        "totalOtherIncomeExpenseNet": 10
      },
      {
        "costOfGoodsSold": 728,
        "depreciationAmortization": 269,
        "dilutedAverageSharesOutstanding": 764,
        "dilutedEPS": -0.36,
        "ebit": -93,
        "grossIncome": 468,
        "interestExpense": 154,
        "interestIncomeExpense": -153,
        "minorityInterest": 64,
        "netIncome": -278,
        "netIncomeAfterTaxes": -280,
        "nonRecurringItems": -3,
        "period": "2021-03-31",
        "pretaxIncome": -266,
        "provisionforIncomeTaxes": 14,
        "researchDevelopment": 9,
        "revenue": 1196,
        "sgaExpense": 283,
        "totalOperatingExpense": 561,
        "totalOtherIncomeExpenseNet": -17
      },
      {
        "costOfGoodsSold": 612,
        "depreciationAmortization": 266,
        "dilutedAverageSharesOutstanding": 764,
        "dilutedEPS": -0.39,
        "ebit": -108,
        "grossIncome": 403,
        "interestExpense": 147,
        "interestIncomeExpense": -146,
        "minorityInterest": 77,
        "netIncome": -299,
        "netIncomeAfterTaxes": -303,
        "nonRecurringItems": -11,
        "period": "2020-12-31",
        "pretaxIncome": -275,
        "provisionforIncomeTaxes": 28,
        "researchDevelopment": 0,
        "revenue": 1015,
        "sgaExpense": 245,
        "totalOperatingExpense": 511,
        "totalOtherIncomeExpenseNet": -10
      },
      {
        "costOfGoodsSold": 391,
        "depreciationAmortization": 262,
        "dilutedAverageSharesOutstanding": 764,
        "dilutedEPS": -0.73,
        "ebit": -468,
        "grossIncome": 55,
        "interestExpense": 134,
        "interestIncomeExpense": -131,
        "minorityInterest": 166,
        "netIncome": -565,
        "netIncomeAfterTaxes": -664,
        "nonRecurringItems": -55,
        "period": "2020-09-30",
        "pretaxIncome": -659,
        "provisionforIncomeTaxes": 5,
        "researchDevelopment": 3,
        "revenue": 446,
        "sgaExpense": 258,
        "totalOperatingExpense": 523,
        "totalOtherIncomeExpenseNet": -5
      },
      {
        "costOfGoodsSold": 288,
        "depreciationAmortization": 257,
        "dilutedAverageSharesOutstanding": 764,
        "dilutedEPS": -1.07,
        "ebit": -753,
        "grossIncome": -226,
        "interestExpense": 114,
        "interestIncomeExpense": -110,
        "minorityInterest": 165,
        "netIncome": -820,
        "netIncomeAfterTaxes": -841,
        "nonRecurringItems": -4,
        "period": "2020-06-30",
        "pretaxIncome": -872,
        "provisionforIncomeTaxes": -31,
        "researchDevelopment": 9,
        "revenue": 62,
        "sgaExpense": 261,
        "totalOperatingExpense": 527,
        "totalOtherIncomeExpenseNet": -5
      },
      {
        "costOfGoodsSold": 828,
        "depreciationAmortization": 267,
        "dilutedAverageSharesOutstanding": 764,
        "dilutedEPS": 0,
        "ebit": 9,
        "grossIncome": 589,
        "interestExpense": 128,
        "interestIncomeExpense": -115,
        "minorityInterest": 50,
        "netIncome": -1,
        "netIncomeAfterTaxes": -92,
        "nonRecurringItems": -3,
        "period": "2020-03-31",
        "pretaxIncome": -70,
        "provisionforIncomeTaxes": 22,
        "researchDevelopment": 6,
        "revenue": 1417,
        "sgaExpense": 307,
        "totalOperatingExpense": 580,
        "totalOtherIncomeExpenseNet": 39
      },
      {
        "costOfGoodsSold": 984,
        "depreciationAmortization": 160,
        "dilutedAverageSharesOutstanding": 768,
        "dilutedEPS": 0.81,
        "ebit": 664,
        "grossIncome": 913,
        "interestExpense": 28,
        "interestIncomeExpense": -11,
        "minorityInterest": -154,
        "netIncome": 629,
        "netIncomeAfterTaxes": 647,
        "nonRecurringItems": -41,
        "period": "2019-12-31",
        "pretaxIncome": 676,
        "provisionforIncomeTaxes": 29,
        "researchDevelopment": 11,
        "revenue": 1897,
        "sgaExpense": 78,
        "totalOperatingExpense": 249,
        "totalOtherIncomeExpenseNet": 64
      },
      {
        "costOfGoodsSold": 1602,
        "depreciationAmortization": 298,
        "dilutedAverageSharesOutstanding": 769,
        "dilutedEPS": 0.69,
        "ebit": 910,
        "grossIncome": 1648,
        "interestExpense": 137,
        "interestIncomeExpense": -117,
        "minorityInterest": -136,
        "netIncome": 533,
        "netIncomeAfterTaxes": 669,
        "nonRecurringItems": -35,
        "period": "2019-09-30",
        "pretaxIncome": 751,
        "provisionforIncomeTaxes": 82,
        "researchDevelopment": 4,
        "revenue": 3250,
        "sgaExpense": 436,
        "totalOperatingExpense": 738,
        "totalOtherIncomeExpenseNet": -7
      },
      {
        "costOfGoodsSold": 1689,
        "depreciationAmortization": 303,
        "dilutedAverageSharesOutstanding": 772,
        "dilutedEPS": 1.24,
        "ebit": 894,
        "grossIncome": 1645,
        "interestExpense": 143,
        "interestIncomeExpense": -126,
        "minorityInterest": -154,
        "netIncome": 954,
        "netIncomeAfterTaxes": 1108,
        "nonRecurringItems": 556,
        "period": "2019-06-30",
        "pretaxIncome": 1344,
        "provisionforIncomeTaxes": 236,
        "researchDevelopment": 4,
        "revenue": 3334,
        "sgaExpense": 444,
        "totalOperatingExpense": 751,
        "totalOtherIncomeExpenseNet": 20
      },
      {
        "costOfGoodsSold": 1824,
        "depreciationAmortization": 310,
        "dilutedAverageSharesOutstanding": 775,
        "dilutedEPS": 0.75,
        "ebit": 978,
        "grossIncome": 1822,
        "interestExpense": 141,
        "interestIncomeExpense": -121,
        "minorityInterest": -162,
        "netIncome": 582,
        "netIncomeAfterTaxes": 744,
        "nonRecurringItems": -7,
        "period": "2019-03-31",
        "pretaxIncome": 829,
        "provisionforIncomeTaxes": 85,
        "researchDevelopment": 5,
        "revenue": 3646,
        "sgaExpense": 529,
        "totalOperatingExpense": 844,
        "totalOtherIncomeExpenseNet": -21
      },
      {
        "costOfGoodsSold": 1792,
        "depreciationAmortization": 298,
        "dilutedAverageSharesOutstanding": 780,
        "dilutedEPS": -0.21,
        "ebit": 910,
        "grossIncome": 1683,
        "interestExpense": 138,
        "interestIncomeExpense": -115,
        "minorityInterest": -130,
        "netIncome": -170,
        "netIncomeAfterTaxes": 687,
        "nonRecurringItems": -45,
        "period": "2018-12-31",
        "pretaxIncome": 742,
        "provisionforIncomeTaxes": 55,
        "researchDevelopment": 3,
        "revenue": 3475,
        "sgaExpense": 472,
        "totalOperatingExpense": 773,
        "totalOtherIncomeExpenseNet": -8
      },
      {
        "costOfGoodsSold": 1722,
        "depreciationAmortization": 292,
        "dilutedAverageSharesOutstanding": 787,
        "dilutedEPS": 0.73,
        "ebit": 926,
        "grossIncome": 1650,
        "interestExpense": 126,
        "interestIncomeExpense": -104,
        "minorityInterest": -128,
        "netIncome": 571,
        "netIncomeAfterTaxes": 699,
        "nonRecurringItems": -56,
        "period": "2018-09-30",
        "pretaxIncome": 782,
        "provisionforIncomeTaxes": 83,
        "researchDevelopment": 4,
        "revenue": 3372,
        "sgaExpense": 428,
        "totalOperatingExpense": 724,
        "totalOtherIncomeExpenseNet": 16
      },
      {
        "costOfGoodsSold": 1706,
        "depreciationAmortization": 283,
        "dilutedAverageSharesOutstanding": 790,
        "dilutedEPS": 0.7,
        "ebit": 902,
        "grossIncome": 1597,
        "interestExpense": 93,
        "interestIncomeExpense": -84,
        "minorityInterest": -120,
        "netIncome": 556,
        "netIncomeAfterTaxes": 676,
        "nonRecurringItems": -105,
        "period": "2018-06-30",
        "pretaxIncome": 757,
        "provisionforIncomeTaxes": 81,
        "researchDevelopment": 2,
        "revenue": 3303,
        "sgaExpense": 410,
        "totalOperatingExpense": 695,
        "totalOtherIncomeExpenseNet": 44
      },
      {
        "costOfGoodsSold": 1754,
        "depreciationAmortization": 273,
        "dilutedAverageSharesOutstanding": 790,
        "dilutedEPS": 1.84,
        "ebit": 1163,
        "grossIncome": 1825,
        "interestExpense": 89,
        "interestIncomeExpense": -84,
        "minorityInterest": -160,
        "netIncome": 1456,
        "netIncomeAfterTaxes": 946,
        "nonRecurringItems": -8,
        "period": "2018-03-31",
        "pretaxIncome": 1045,
        "provisionforIncomeTaxes": 99,
        "researchDevelopment": 3,
        "revenue": 3579,
        "sgaExpense": 386,
        "totalOperatingExpense": 662,
        "totalOtherIncomeExpenseNet": -26
      },
      {
        "costOfGoodsSold": 1675,
        "depreciationAmortization": 267,
        "dilutedAverageSharesOutstanding": 792,
        "dilutedEPS": 1.53,
        "ebit": 1021,
        "grossIncome": 1716,
        "interestExpense": 87,
        "interestIncomeExpense": -82,
        "minorityInterest": -149,
        "netIncome": 1212,
        "netIncomeAfterTaxes": 835,
        "nonRecurringItems": 7,
        "period": "2017-12-31",
        "pretaxIncome": 932,
        "provisionforIncomeTaxes": 97,
        "researchDevelopment": 5,
        "revenue": 3391,
        "sgaExpense": 423,
        "totalOperatingExpense": 695,
        "totalOtherIncomeExpenseNet": -14
      },
      {
        "costOfGoodsSold": 1574,
        "depreciationAmortization": 274,
        "dilutedAverageSharesOutstanding": 792,
        "dilutedEPS": 0.72,
        "ebit": 876,
        "grossIncome": 1587,
        "interestExpense": 83,
        "interestIncomeExpense": -79,
        "minorityInterest": -115,
        "netIncome": 569,
        "netIncomeAfterTaxes": 684,
        "nonRecurringItems": -21,
        "period": "2017-09-30",
        "pretaxIncome": 757,
        "provisionforIncomeTaxes": 73,
        "researchDevelopment": 3,
        "revenue": 3161,
        "sgaExpense": 434,
        "totalOperatingExpense": 711,
        "totalOtherIncomeExpenseNet": -19
      },
      {
        "costOfGoodsSold": 1529,
        "depreciationAmortization": 336,
        "dilutedAverageSharesOutstanding": 792,
        "dilutedEPS": 0.69,
        "ebit": 820,
        "grossIncome": 1580,
        "interestExpense": 79,
        "interestIncomeExpense": -75,
        "minorityInterest": -93,
        "netIncome": 546,
        "netIncomeAfterTaxes": 639,
        "nonRecurringItems": -3,
        "period": "2017-06-30",
        "pretaxIncome": 717,
        "provisionforIncomeTaxes": 78,
        "researchDevelopment": 2,
        "revenue": 3109,
        "sgaExpense": 422,
        "totalOperatingExpense": 760,
        "totalOtherIncomeExpenseNet": -25
      },
      {
        "costOfGoodsSold": 1551,
        "depreciationAmortization": 331,
        "dilutedAverageSharesOutstanding": 795,
        "dilutedEPS": 0.61,
        "ebit": 767,
        "grossIncome": 1516,
        "interestExpense": 78,
        "interestIncomeExpense": -75,
        "minorityInterest": -98,
        "netIncome": 481,
        "netIncomeAfterTaxes": 579,
        "nonRecurringItems": -8,
        "period": "2017-03-31",
        "pretaxIncome": 648,
        "provisionforIncomeTaxes": 69,
        "researchDevelopment": 3,
        "revenue": 3067,
        "sgaExpense": 415,
        "totalOperatingExpense": 749,
        "totalOtherIncomeExpenseNet": -36
      },
      {
        "costOfGoodsSold": 1423.469,
        "depreciationAmortization": 327.879,
        "dilutedAverageSharesOutstanding": 796.271,
        "dilutedEPS": 0.65,
        "ebit": 741.667,
        "grossIncome": 1512.668,
        "interestExpense": 76.126,
        "interestIncomeExpense": -72.454,
        "minorityInterest": -98.627,
        "netIncome": 517.51,
        "netIncomeAfterTaxes": 616.137,
        "nonRecurringItems": -65.159,
        "period": "2016-12-31",
        "pretaxIncome": 668.129,
        "provisionforIncomeTaxes": 51.992,
        "researchDevelopment": 2.242,
        "revenue": 2936.137,
        "sgaExpense": 440.88,
        "totalOperatingExpense": 771.001,
        "totalOtherIncomeExpenseNet": 64.075
      },
      {
        "costOfGoodsSold": 1447.381,
        "depreciationAmortization": 287.479,
        "dilutedAverageSharesOutstanding": 795.136,
        "dilutedEPS": 0.65,
        "ebit": 725.198,
        "grossIncome": 1521.161,
        "interestExpense": 65.189,
        "interestIncomeExpense": -62.89,
        "minorityInterest": -92.156,
        "netIncome": 513.357,
        "netIncomeAfterTaxes": 605.513,
        "nonRecurringItems": -9.037,
        "period": "2016-09-30",
        "pretaxIncome": 674.785,
        "provisionforIncomeTaxes": 69.272,
        "researchDevelopment": 2.371,
        "revenue": 2968.542,
        "sgaExpense": 506.113,
        "totalOperatingExpense": 795.963,
        "totalOtherIncomeExpenseNet": 21.514
      },
      {
        "costOfGoodsSold": 1355.562,
        "depreciationAmortization": 264.219,
        "dilutedAverageSharesOutstanding": 795.05,
        "dilutedEPS": 0.41,
        "ebit": 529.117,
        "grossIncome": 1294.519,
        "interestExpense": 64.037,
        "interestIncomeExpense": -62.035,
        "minorityInterest": -66.471,
        "netIncome": 327.966,
        "netIncomeAfterTaxes": 394.437,
        "nonRecurringItems": -10.416,
        "period": "2016-06-30",
        "pretaxIncome": 449.148,
        "provisionforIncomeTaxes": 54.711,
        "researchDevelopment": 2.01,
        "revenue": 2650.081,
        "sgaExpense": 499.173,
        "totalOperatingExpense": 765.402,
        "totalOtherIncomeExpenseNet": -7.518
      },
      {
        "costOfGoodsSold": 1459.588,
        "depreciationAmortization": 269.423,
        "dilutedAverageSharesOutstanding": 795.032,
        "dilutedEPS": 0.4,
        "ebit": 585.018,
        "grossIncome": 1256.652,
        "interestExpense": 68.648,
        "interestIncomeExpense": -66.621,
        "minorityInterest": -88.746,
        "netIncome": 320.167,
        "netIncomeAfterTaxes": 408.913,
        "nonRecurringItems": 0.612,
        "period": "2016-03-31",
        "pretaxIncome": 471.938,
        "provisionforIncomeTaxes": 63.025,
        "researchDevelopment": 2.377,
        "revenue": 2716.24,
        "sgaExpense": 399.834,
        "totalOperatingExpense": 671.634,
        "totalOtherIncomeExpenseNet": -47.071
      },
      {
        "costOfGoodsSold": 1472.244,
        "depreciationAmortization": 258.292,
        "dilutedAverageSharesOutstanding": 795.594,
        "dilutedEPS": 0.59,
        "ebit": 718.623,
        "grossIncome": 1389.491,
        "interestExpense": 66.202,
        "interestIncomeExpense": -63.715,
        "minorityInterest": -109.193,
        "netIncome": 465.782,
        "netIncomeAfterTaxes": 574.975,
        "nonRecurringItems": -16.642,
        "period": "2015-12-31",
        "pretaxIncome": 637.219,
        "provisionforIncomeTaxes": 62.244,
        "researchDevelopment": 3.344,
        "revenue": 2861.735,
        "sgaExpense": 409.232,
        "totalOperatingExpense": 670.868,
        "totalOtherIncomeExpenseNet": -1.047
      },
      {
        "costOfGoodsSold": 1499.334,
        "depreciationAmortization": 257.435,
        "dilutedAverageSharesOutstanding": 797.302,
        "dilutedEPS": 0.65,
        "ebit": 739.778,
        "grossIncome": 1394.349,
        "interestExpense": 66.962,
        "interestIncomeExpense": -64.804,
        "minorityInterest": -98.835,
        "netIncome": 519.358,
        "netIncomeAfterTaxes": 618.193,
        "nonRecurringItems": -0.709,
        "period": "2015-09-30",
        "pretaxIncome": 690.54,
        "provisionforIncomeTaxes": 72.347,
        "researchDevelopment": 3.147,
        "revenue": 2893.683,
        "sgaExpense": 393.989,
        "totalOperatingExpense": 654.571,
        "totalOtherIncomeExpenseNet": 16.275
      }
    ],
    "symbol": "LVS"
  }
}