{
  "symbol": "CAH",
  "statement": "ic",
  "frequency": "quarterly",
  "timestamp": "2025-09-19T13:57:24.547564",
  "data": {
    "financials": [
      {
        "costOfGoodsSold": 57957,
        "depreciationAmortization": 89,
        "dilutedAverageSharesOutstanding": 239,
        "dilutedEPS": 1,
        "ebit": 629,
        "grossIncome": 2202,
        "interestExpense": 74,
        "interestIncomeExpense": -74,
        "minorityInterest": -4,
        "netIncome": 239,
        "netIncomeAfterTaxes": 243,
        "nonRecurringItems": -201,
        "period": "2025-06-30",
        "pretaxIncome": 384,
        "provisionforIncomeTaxes": 141,
        "revenue": 60159,
        "sgaExpense": 1484,
        "totalOperatingExpense": 1573,
        "totalOtherIncomeExpenseNet": 30
      },
      {
        "costOfGoodsSold": 52755,
        "depreciationAmortization": 77,
        "dilutedAverageSharesOutstanding": 241,
        "dilutedEPS": 2.0996,
        "ebit": 731,
        "grossIncome": 2123,
        "interestExpense": 74,
        "interestIncomeExpense": -74,
        "minorityInterest": -2,
        "netIncome": 506,
        "netIncomeAfterTaxes": 508,
        "nonRecurringItems": -1,
        "period": "2025-03-31",
        "pretaxIncome": 665,
        "provisionforIncomeTaxes": 157,
        "revenue": 54878,
        "sgaExpense": 1315,
        "totalOperatingExpense": 1392,
        "totalOtherIncomeExpenseNet": 9
      },
      {
        "costOfGoodsSold": 53323,
        "depreciationAmortization": 69,
        "dilutedAverageSharesOutstanding": 243,
        "dilutedEPS": 1.6461,
        "ebit": 566,
        "grossIncome": 1941,
        "interestExpense": 35,
        "interestIncomeExpense": -35,
        "minorityInterest": -1,
        "netIncome": 400,
        "netIncomeAfterTaxes": 401,
        "nonRecurringItems": -17,
        "period": "2024-12-31",
        "pretaxIncome": 511,
        "provisionforIncomeTaxes": 110,
        "revenue": 55264,
        "sgaExpense": 1306,
        "totalOperatingExpense": 1375,
        "totalOtherIncomeExpenseNet": -3
      },
      {
        "costOfGoodsSold": 50375,
        "depreciationAmortization": 68,
        "dilutedAverageSharesOutstanding": 245,
        "dilutedEPS": 1.7,
        "ebit": 557,
        "grossIncome": 1902,
        "interestExpense": 32,
        "interestIncomeExpense": -32,
        "minorityInterest": -1,
        "netIncome": 416,
        "netIncomeAfterTaxes": 417,
        "nonRecurringItems": 11,
        "period": "2024-09-30",
        "pretaxIncome": 541,
        "provisionforIncomeTaxes": 124,
        "revenue": 52277,
        "sgaExpense": 1277,
        "totalOperatingExpense": 1345,
        "totalOtherIncomeExpenseNet": 5
      },
      {
        "costOfGoodsSold": 57855,
        "depreciationAmortization": 73,
        "dilutedAverageSharesOutstanding": 247,
        "dilutedEPS": 0.96,
        "ebit": 542,
        "grossIncome": 1853,
        "interestIncomeExpense": 0,
        "minorityInterest": 2,
        "netIncome": 236,
        "netIncomeAfterTaxes": 234,
        "nonRecurringItems": -134,
        "period": "2024-06-30",
        "pretaxIncome": 396,
        "provisionforIncomeTaxes": 162,
        "revenue": 59708,
        "sgaExpense": 1238,
        "totalOperatingExpense": 1311,
        "totalOtherIncomeExpenseNet": -12
      },
      {
        "costOfGoodsSold": 52964,
        "depreciationAmortization": 64,
        "dilutedAverageSharesOutstanding": 245,
        "dilutedEPS": 1.05,
        "ebit": 601,
        "grossIncome": 1947,
        "interestExpense": 28,
        "interestIncomeExpense": -33,
        "minorityInterest": -1,
        "netIncome": 258,
        "netIncomeAfterTaxes": 259,
        "nonRecurringItems": -234,
        "period": "2024-03-31",
        "pretaxIncome": 341,
        "provisionforIncomeTaxes": 82,
        "revenue": 54911,
        "sgaExpense": 1282,
        "totalOperatingExpense": 1346,
        "totalOtherIncomeExpenseNet": 7
      },
      {
        "costOfGoodsSold": 55599,
        "depreciationAmortization": 63,
        "dilutedAverageSharesOutstanding": 246,
        "dilutedEPS": 1.43,
        "ebit": 500,
        "grossIncome": 1846,
        "interestExpense": 3,
        "interestIncomeExpense": -8,
        "minorityInterest": -1,
        "netIncome": 353,
        "netIncomeAfterTaxes": 354,
        "nonRecurringItems": -18,
        "period": "2023-12-31",
        "pretaxIncome": 490,
        "provisionforIncomeTaxes": 136,
        "revenue": 57445,
        "sgaExpense": 1283,
        "totalOperatingExpense": 1346,
        "totalOtherIncomeExpenseNet": 16
      },
      {
        "costOfGoodsSold": 52907,
        "depreciationAmortization": 64,
        "dilutedAverageSharesOutstanding": 249,
        "dilutedEPS": -0.05,
        "ebit": 493,
        "grossIncome": 1743,
        "interestExpense": 11,
        "interestIncomeExpense": -11,
        "minorityInterest": -1,
        "netIncome": -12,
        "netIncomeAfterTaxes": -11,
        "nonRecurringItems": -525,
        "period": "2023-09-30",
        "pretaxIncome": -44,
        "provisionforIncomeTaxes": -33,
        "revenue": 54650,
        "sgaExpense": 1186,
        "totalOperatingExpense": 1250,
        "totalOtherIncomeExpenseNet": -1
      },
      {
        "costOfGoodsSold": 51608,
        "depreciationAmortization": 70,
        "dilutedAverageSharesOutstanding": 256,
        "dilutedEPS": 0.02,
        "ebit": 509,
        "grossIncome": 1812,
        "interestExpense": 6,
        "interestIncomeExpense": -6,
        "minorityInterest": 2,
        "netIncome": 5,
        "netIncomeAfterTaxes": 3,
        "nonRecurringItems": -347,
        "period": "2023-06-30",
        "pretaxIncome": 146,
        "provisionforIncomeTaxes": 143,
        "revenue": 53420,
        "sgaExpense": 1233,
        "totalOperatingExpense": 1303,
        "totalOtherIncomeExpenseNet": -10
      },
      {
        "costOfGoodsSold": 48702,
        "depreciationAmortization": 69,
        "dilutedAverageSharesOutstanding": 258,
        "dilutedEPS": 1.34,
        "ebit": 537,
        "grossIncome": 1785,
        "interestExpense": 28,
        "interestIncomeExpense": -28,
        "minorityInterest": -2,
        "netIncome": 345,
        "netIncomeAfterTaxes": 347,
        "nonRecurringItems": 35,
        "period": "2023-03-31",
        "pretaxIncome": 544,
        "provisionforIncomeTaxes": 197,
        "revenue": 50487,
        "sgaExpense": 1179,
        "totalOperatingExpense": 1248,
        "totalOtherIncomeExpenseNet": 0
      },
      {
        "costOfGoodsSold": 49806,
        "depreciationAmortization": 71,
        "dilutedAverageSharesOutstanding": 261,
        "dilutedEPS": -0.5,
        "ebit": 401,
        "grossIncome": 1663,
        "interestExpense": 25,
        "interestIncomeExpense": -25,
        "minorityInterest": 0,
        "netIncome": -130,
        "netIncomeAfterTaxes": -130,
        "nonRecurringItems": -520,
        "period": "2022-12-31",
        "pretaxIncome": -137,
        "provisionforIncomeTaxes": -7,
        "revenue": 51469,
        "sgaExpense": 1191,
        "totalOperatingExpense": 1262,
        "totalOtherIncomeExpenseNet": 7
      },
      {
        "costOfGoodsSold": 47989,
        "depreciationAmortization": 71,
        "dilutedAverageSharesOutstanding": 273,
        "dilutedEPS": 0.4,
        "ebit": 346,
        "grossIncome": 1614,
        "interestExpense": 25,
        "interestIncomeExpense": -25,
        "minorityInterest": -1,
        "netIncome": 110,
        "netIncomeAfterTaxes": 111,
        "nonRecurringItems": -209,
        "period": "2022-09-30",
        "pretaxIncome": 110,
        "provisionforIncomeTaxes": -1,
        "revenue": 49603,
        "sgaExpense": 1197,
        "totalOperatingExpense": 1268,
        "totalOtherIncomeExpenseNet": -2
      },
      {
        "costOfGoodsSold": 45521,
        "depreciationAmortization": 76,
        "dilutedAverageSharesOutstanding": 273,
        "dilutedEPS": 0.49,
        "ebit": 358,
        "grossIncome": 1544,
        "interestExpense": 32,
        "interestIncomeExpense": -32,
        "minorityInterest": 1,
        "netIncome": 133,
        "netIncomeAfterTaxes": 132,
        "nonRecurringItems": -333,
        "period": "2022-06-30",
        "pretaxIncome": -43,
        "provisionforIncomeTaxes": -175,
        "revenue": 47065,
        "sgaExpense": 1110,
        "totalOperatingExpense": 1186,
        "totalOtherIncomeExpenseNet": -36
      },
      {
        "costOfGoodsSold": 43154,
        "depreciationAmortization": 78,
        "dilutedAverageSharesOutstanding": 275,
        "dilutedEPS": -5.06,
        "ebit": 467,
        "grossIncome": 1682,
        "interestExpense": 38,
        "interestIncomeExpense": -37,
        "minorityInterest": -1,
        "netIncome": -1391,
        "netIncomeAfterTaxes": -1390,
        "nonRecurringItems": -564,
        "period": "2022-03-31",
        "pretaxIncome": -137,
        "provisionforIncomeTaxes": 1253,
        "revenue": 44836,
        "sgaExpense": 1137,
        "totalOperatingExpense": 1215,
        "totalOtherIncomeExpenseNet": -3
      },
      {
        "costOfGoodsSold": 43841,
        "depreciationAmortization": 79,
        "dilutedAverageSharesOutstanding": 281,
        "dilutedEPS": 0.17,
        "ebit": 386,
        "grossIncome": 1616,
        "interestExpense": 37,
        "interestIncomeExpense": -36,
        "minorityInterest": 0,
        "netIncome": 49,
        "netIncomeAfterTaxes": 49,
        "nonRecurringItems": -1336,
        "period": "2021-12-31",
        "pretaxIncome": -973,
        "provisionforIncomeTaxes": -1022,
        "revenue": 45457,
        "sgaExpense": 1151,
        "totalOperatingExpense": 1230,
        "totalOtherIncomeExpenseNet": 13
      },
      {
        "costOfGoodsSold": 42326,
        "depreciationAmortization": 78,
        "dilutedAverageSharesOutstanding": 289,
        "dilutedEPS": 0.94,
        "ebit": 450,
        "grossIncome": 1642,
        "interestExpense": 40,
        "interestIncomeExpense": -40,
        "minorityInterest": -1,
        "netIncome": 271,
        "netIncomeAfterTaxes": 272,
        "nonRecurringItems": -45,
        "period": "2021-09-30",
        "pretaxIncome": 369,
        "provisionforIncomeTaxes": 97,
        "revenue": 43968,
        "sgaExpense": 1114,
        "totalOperatingExpense": 1192,
        "totalOtherIncomeExpenseNet": 4
      },
      {
        "costOfGoodsSold": 41111,
        "depreciationAmortization": 91,
        "dilutedAverageSharesOutstanding": 294,
        "dilutedEPS": 0.39,
        "ebit": 255,
        "grossIncome": 1475,
        "interestExpense": 44,
        "interestIncomeExpense": -46,
        "minorityInterest": 1,
        "netIncome": 116,
        "netIncomeAfterTaxes": 115,
        "nonRecurringItems": -106,
        "period": "2021-06-30",
        "pretaxIncome": 119,
        "provisionforIncomeTaxes": 4,
        "revenue": 42586,
        "sgaExpense": 1129,
        "totalOperatingExpense": 1220,
        "totalOtherIncomeExpenseNet": 16
      },
      {
        "costOfGoodsSold": 37463,
        "depreciationAmortization": 109,
        "dilutedAverageSharesOutstanding": 294,
        "dilutedEPS": 0.4,
        "ebit": 583,
        "grossIncome": 1812,
        "interestExpense": 45,
        "interestIncomeExpense": -45,
        "minorityInterest": -1,
        "netIncome": 119,
        "netIncomeAfterTaxes": 120,
        "nonRecurringItems": -110,
        "period": "2021-03-31",
        "pretaxIncome": 440,
        "provisionforIncomeTaxes": 320,
        "revenue": 39275,
        "sgaExpense": 1120,
        "totalOperatingExpense": 1229,
        "totalOtherIncomeExpenseNet": 12
      },
      {
        "costOfGoodsSold": 39765,
        "depreciationAmortization": 113,
        "dilutedAverageSharesOutstanding": 295,
        "dilutedEPS": 2.13,
        "ebit": 516,
        "grossIncome": 1776,
        "interestExpense": 46,
        "interestIncomeExpense": -46,
        "minorityInterest": -1,
        "netIncome": 629,
        "netIncomeAfterTaxes": 630,
        "nonRecurringItems": -55,
        "period": "2020-12-31",
        "pretaxIncome": 427,
        "provisionforIncomeTaxes": -203,
        "revenue": 41541,
        "sgaExpense": 1147,
        "totalOperatingExpense": 1260,
        "totalOtherIncomeExpenseNet": 12
      },
      {
        "costOfGoodsSold": 37350,
        "depreciationAmortization": 115,
        "dilutedAverageSharesOutstanding": 293,
        "dilutedEPS": -0.86,
        "ebit": 463,
        "grossIncome": 1715,
        "interestExpense": 45,
        "interestIncomeExpense": -45,
        "minorityInterest": 0,
        "netIncome": -253,
        "netIncomeAfterTaxes": -253,
        "nonRecurringItems": -1088,
        "period": "2020-09-30",
        "pretaxIncome": -663,
        "provisionforIncomeTaxes": -410,
        "revenue": 39065,
        "sgaExpense": 1137,
        "totalOperatingExpense": 1252,
        "totalOtherIncomeExpenseNet": 7
      },
      {
        "costOfGoodsSold": 35099,
        "depreciationAmortization": 127,
        "dilutedAverageSharesOutstanding": 293,
        "dilutedEPS": 2.24,
        "ebit": 326,
        "grossIncome": 1590,
        "interestExpense": 49,
        "interestIncomeExpense": 530,
        "minorityInterest": -1,
        "netIncome": 656,
        "netIncomeAfterTaxes": 657,
        "nonRecurringItems": -63,
        "period": "2020-06-30",
        "pretaxIncome": 815,
        "provisionforIncomeTaxes": 158,
        "revenue": 36689,
        "sgaExpense": 1137,
        "totalOperatingExpense": 1264,
        "totalOtherIncomeExpenseNet": 22
      },
      {
        "costOfGoodsSold": 37272,
        "depreciationAmortization": 129,
        "dilutedAverageSharesOutstanding": 294,
        "dilutedEPS": 1.19,
        "ebit": 591,
        "grossIncome": 1885,
        "interestExpense": 60,
        "interestIncomeExpense": -60,
        "minorityInterest": -1,
        "netIncome": 350,
        "netIncomeAfterTaxes": 351,
        "nonRecurringItems": -34,
        "period": "2020-03-31",
        "pretaxIncome": 478,
        "provisionforIncomeTaxes": 127,
        "revenue": 39157,
        "sgaExpense": 1165,
        "totalOperatingExpense": 1294,
        "totalOtherIncomeExpenseNet": -19
      },
      {
        "costOfGoodsSold": 38021,
        "depreciationAmortization": 127,
        "dilutedAverageSharesOutstanding": 294,
        "dilutedEPS": 0.75,
        "ebit": 424,
        "grossIncome": 1714,
        "interestExpense": 63,
        "interestIncomeExpense": -63,
        "minorityInterest": 0,
        "netIncome": 220,
        "netIncomeAfterTaxes": 220,
        "nonRecurringItems": -94,
        "period": "2019-12-31",
        "pretaxIncome": 279,
        "provisionforIncomeTaxes": 59,
        "revenue": 39735,
        "sgaExpense": 1163,
        "totalOperatingExpense": 1290,
        "totalOtherIncomeExpenseNet": 12
      },
      {
        "costOfGoodsSold": 35662,
        "depreciationAmortization": 129,
        "dilutedAverageSharesOutstanding": 296,
        "dilutedEPS": -16.63,
        "ebit": 443,
        "grossIncome": 1679,
        "interestExpense": 66,
        "interestIncomeExpense": -66,
        "minorityInterest": -1,
        "netIncome": -4922,
        "netIncomeAfterTaxes": -4921,
        "nonRecurringItems": -5707,
        "period": "2019-09-30",
        "pretaxIncome": -5344,
        "provisionforIncomeTaxes": -423,
        "revenue": 37341,
        "sgaExpense": 1107,
        "totalOperatingExpense": 1236,
        "totalOtherIncomeExpenseNet": -14
      },
      {
        "costOfGoodsSold": 35679,
        "depreciationAmortization": 132,
        "dilutedAverageSharesOutstanding": 298,
        "dilutedEPS": 0.65,
        "ebit": 377,
        "grossIncome": 1674,
        "interestExpense": 67,
        "interestIncomeExpense": -67,
        "minorityInterest": -1,
        "netIncome": 194,
        "netIncomeAfterTaxes": 195,
        "nonRecurringItems": -69,
        "period": "2019-06-30",
        "pretaxIncome": 239,
        "provisionforIncomeTaxes": 44,
        "revenue": 37353,
        "sgaExpense": 1165,
        "totalOperatingExpense": 1297,
        "totalOtherIncomeExpenseNet": -2
      },
      {
        "costOfGoodsSold": 33464,
        "depreciationAmortization": 133,
        "dilutedAverageSharesOutstanding": 299,
        "dilutedEPS": 0.99,
        "ebit": 534,
        "grossIncome": 1764,
        "interestExpense": 75,
        "interestIncomeExpense": -75,
        "minorityInterest": 0,
        "netIncome": 296,
        "netIncomeAfterTaxes": 296,
        "nonRecurringItems": -102,
        "period": "2019-03-31",
        "pretaxIncome": 370,
        "provisionforIncomeTaxes": 74,
        "revenue": 35228,
        "sgaExpense": 1097,
        "totalOperatingExpense": 1230,
        "totalOtherIncomeExpenseNet": 13
      },
      {
        "costOfGoodsSold": 36010,
        "depreciationAmortization": 133,
        "dilutedAverageSharesOutstanding": 300,
        "dilutedEPS": 0.93,
        "ebit": 533,
        "grossIncome": 1730,
        "interestExpense": 76,
        "interestIncomeExpense": -76,
        "minorityInterest": -1,
        "netIncome": 280,
        "netIncomeAfterTaxes": 281,
        "nonRecurringItems": -29,
        "period": "2018-12-31",
        "pretaxIncome": 407,
        "provisionforIncomeTaxes": 126,
        "revenue": 37740,
        "sgaExpense": 1064,
        "totalOperatingExpense": 1197,
        "totalOtherIncomeExpenseNet": -21
      },
      {
        "costOfGoodsSold": 33546,
        "depreciationAmortization": 133,
        "dilutedAverageSharesOutstanding": 306,
        "dilutedEPS": 1.94,
        "ebit": 379,
        "grossIncome": 1667,
        "interestExpense": 77,
        "interestIncomeExpense": -77,
        "minorityInterest": -1,
        "netIncome": 593,
        "netIncomeAfterTaxes": 594,
        "nonRecurringItems": 437,
        "period": "2018-09-30",
        "pretaxIncome": 736,
        "provisionforIncomeTaxes": 142,
        "revenue": 35213,
        "sgaExpense": 1155,
        "totalOperatingExpense": 1288,
        "totalOtherIncomeExpenseNet": -3
      },
      {
        "costOfGoodsSold": 33614,
        "depreciationAmortization": 140,
        "dilutedAverageSharesOutstanding": 310,
        "dilutedEPS": -3.76,
        "ebit": 481,
        "grossIncome": 1735,
        "interestExpense": 78,
        "interestIncomeExpense": -78,
        "minorityInterest": 0,
        "netIncome": -1166,
        "netIncomeAfterTaxes": -1191,
        "nonRecurringItems": -1561,
        "period": "2018-06-30",
        "pretaxIncome": -1187,
        "provisionforIncomeTaxes": 4,
        "revenue": 35349,
        "sgaExpense": 1114,
        "totalOperatingExpense": 1254,
        "totalOtherIncomeExpenseNet": -29
      },
      {
        "costOfGoodsSold": 31720,
        "depreciationAmortization": 149,
        "dilutedAverageSharesOutstanding": 315,
        "dilutedEPS": 0.8,
        "ebit": 774,
        "grossIncome": 1913,
        "interestExpense": 84,
        "interestIncomeExpense": -84,
        "minorityInterest": 0,
        "netIncome": 255,
        "netIncomeAfterTaxes": 237,
        "nonRecurringItems": -228,
        "period": "2018-03-31",
        "pretaxIncome": 464,
        "provisionforIncomeTaxes": 227,
        "revenue": 33633,
        "sgaExpense": 990,
        "totalOperatingExpense": 1139,
        "totalOtherIncomeExpenseNet": 2
      },
      {
        "costOfGoodsSold": 33325,
        "depreciationAmortization": 150,
        "dilutedAverageSharesOutstanding": 316,
        "dilutedEPS": 3.33,
        "ebit": 715,
        "grossIncome": 1861,
        "interestExpense": 87,
        "interestIncomeExpense": -87,
        "minorityInterest": 0,
        "netIncome": 1053,
        "netIncomeAfterTaxes": 159,
        "nonRecurringItems": -316,
        "period": "2017-12-31",
        "pretaxIncome": 317,
        "provisionforIncomeTaxes": 158,
        "revenue": 35186,
        "sgaExpense": 996,
        "totalOperatingExpense": 1146,
        "totalOtherIncomeExpenseNet": 5
      },
      {
        "costOfGoodsSold": 30969,
        "depreciationAmortization": 135,
        "dilutedAverageSharesOutstanding": 318,
        "dilutedEPS": 0.36,
        "ebit": 567,
        "grossIncome": 1672,
        "interestExpense": 81,
        "interestIncomeExpense": -81,
        "minorityInterest": -2,
        "netIncome": 115,
        "netIncomeAfterTaxes": 117,
        "nonRecurringItems": -306,
        "period": "2017-09-30",
        "pretaxIncome": 178,
        "provisionforIncomeTaxes": 61,
        "revenue": 32641,
        "sgaExpense": 970,
        "totalOperatingExpense": 1105,
        "totalOtherIncomeExpenseNet": -2
      },
      {
        "costOfGoodsSold": 31343,
        "depreciationAmortization": 101,
        "dilutedAverageSharesOutstanding": 320,
        "dilutedEPS": 0.86,
        "ebit": 539,
        "grossIncome": 1623,
        "interestExpense": 67,
        "interestIncomeExpense": -67,
        "minorityInterest": -4,
        "netIncome": 274,
        "netIncomeAfterTaxes": 278,
        "nonRecurringItems": -100,
        "period": "2017-06-30",
        "pretaxIncome": 375,
        "provisionforIncomeTaxes": 97,
        "revenue": 32966,
        "sgaExpense": 983,
        "totalOperatingExpense": 1084,
        "totalOtherIncomeExpenseNet": 3
      },
      {
        "costOfGoodsSold": 30093,
        "depreciationAmortization": 96,
        "dilutedAverageSharesOutstanding": 318,
        "dilutedEPS": 1.2,
        "ebit": 678,
        "grossIncome": 1728,
        "interestExpense": 46,
        "interestIncomeExpense": -46,
        "minorityInterest": -1,
        "netIncome": 381,
        "netIncomeAfterTaxes": 382,
        "nonRecurringItems": -73,
        "period": "2017-03-31",
        "pretaxIncome": 564,
        "provisionforIncomeTaxes": 182,
        "revenue": 31821,
        "sgaExpense": 954,
        "totalOperatingExpense": 1050,
        "totalOtherIncomeExpenseNet": 5
      },
      {
        "costOfGoodsSold": 31548,
        "depreciationAmortization": 95,
        "dilutedAverageSharesOutstanding": 319,
        "dilutedEPS": 1.02,
        "ebit": 605,
        "grossIncome": 1602,
        "interestExpense": 44,
        "interestIncomeExpense": -44,
        "minorityInterest": 0,
        "netIncome": 324,
        "netIncomeAfterTaxes": 324,
        "nonRecurringItems": -63,
        "period": "2016-12-31",
        "pretaxIncome": 491,
        "provisionforIncomeTaxes": 167,
        "revenue": 33150,
        "sgaExpense": 902,
        "totalOperatingExpense": 997,
        "totalOtherIncomeExpenseNet": -7
      },
      {
        "costOfGoodsSold": 30449,
        "depreciationAmortization": 101,
        "dilutedAverageSharesOutstanding": 322,
        "dilutedEPS": 0.96,
        "ebit": 664,
        "grossIncome": 1590,
        "interestExpense": 44,
        "interestIncomeExpense": -44,
        "minorityInterest": -1,
        "netIncome": 309,
        "netIncomeAfterTaxes": 310,
        "nonRecurringItems": -129,
        "period": "2016-09-30",
        "pretaxIncome": 494,
        "provisionforIncomeTaxes": 184,
        "revenue": 32039,
        "sgaExpense": 825,
        "totalOperatingExpense": 926,
        "totalOtherIncomeExpenseNet": 3
      },
      {
        "costOfGoodsSold": 29718,
        "depreciationAmortization": 100,
        "dilutedAverageSharesOutstanding": 327,
        "dilutedEPS": 1.02,
        "ebit": 596,
        "grossIncome": 1666,
        "interestExpense": 44,
        "interestIncomeExpense": -44,
        "minorityInterest": -3,
        "netIncome": 332,
        "netIncomeAfterTaxes": 335,
        "nonRecurringItems": 24,
        "period": "2016-06-30",
        "pretaxIncome": 576,
        "provisionforIncomeTaxes": 241,
        "revenue": 31384,
        "sgaExpense": 970,
        "totalOperatingExpense": 1070,
        "totalOtherIncomeExpenseNet": 0
      },
      {
        "costOfGoodsSold": 28973,
        "depreciationAmortization": 88,
        "dilutedAverageSharesOutstanding": 331,
        "dilutedEPS": 1.17,
        "ebit": 797,
        "grossIncome": 1689,
        "interestExpense": 44,
        "interestIncomeExpense": -44,
        "minorityInterest": 0,
        "netIncome": 386,
        "netIncomeAfterTaxes": 386,
        "nonRecurringItems": -141,
        "period": "2016-03-31",
        "pretaxIncome": 612,
        "provisionforIncomeTaxes": 226,
        "revenue": 30662,
        "sgaExpense": 804,
        "totalOperatingExpense": 892,
        "totalOtherIncomeExpenseNet": 0
      },
      {
        "costOfGoodsSold": 29836,
        "depreciationAmortization": 101,
        "dilutedAverageSharesOutstanding": 332,
        "dilutedEPS": 0.98,
        "ebit": 692,
        "grossIncome": 1609,
        "interestExpense": 45,
        "interestIncomeExpense": -45,
        "minorityInterest": 0,
        "netIncome": 326,
        "netIncomeAfterTaxes": 326,
        "nonRecurringItems": -129,
        "period": "2015-12-31",
        "pretaxIncome": 520,
        "provisionforIncomeTaxes": 194,
        "revenue": 31445,
        "sgaExpense": 816,
        "totalOperatingExpense": 917,
        "totalOtherIncomeExpenseNet": 2
      },
      {
        "costOfGoodsSold": 26476,
        "depreciationAmortization": 67,
        "dilutedAverageSharesOutstanding": 331,
        "dilutedEPS": 1.16,
        "ebit": 701,
        "grossIncome": 1579,
        "interestExpense": 44,
        "interestIncomeExpense": -44,
        "minorityInterest": -1,
        "netIncome": 383,
        "netIncomeAfterTaxes": 384,
        "nonRecurringItems": -81,
        "period": "2015-09-30",
        "pretaxIncome": 568,
        "provisionforIncomeTaxes": 184,
        "revenue": 28055,
        "sgaExpense": 811,
        "totalOperatingExpense": 878,
        "totalOtherIncomeExpenseNet": -8
      }
    ],
    "symbol": "CAH"
  }
}