{
  "symbol": "TAP",
  "statement": "ic",
  "frequency": "quarterly",
  "timestamp": "2025-09-19T14:04:12.191551",
  "data": {
    "financials": [
      {
        "costOfGoodsSold": 1918.9,
        "depreciationAmortization": 51.8,
        "dilutedAverageSharesOutstanding": 201.2,
        "dilutedEPS": 2.1307,
        "ebit": 588.8,
        "grossIncome": 1281.9,
        "interestIncomeExpense": -54.5,
        "minorityInterest": 4.4,
        "netIncome": 428.7,
        "netIncomeAfterTaxes": 424.3,
        "nonRecurringItems": -9.2,
        "period": "2025-06-30",
        "pretaxIncome": 554.9,
        "provisionforIncomeTaxes": 130.6,
        "revenue": 3200.8,
        "sgaExpense": 641.3,
        "totalOperatingExpense": 693.1,
        "totalOtherIncomeExpenseNet": 29.8
      },
      {
        "costOfGoodsSold": 1453.2,
        "depreciationAmortization": 51.1,
        "dilutedAverageSharesOutstanding": 204,
        "dilutedEPS": 0.5931,
        "ebit": 197.7,
        "grossIncome": 850.9,
        "interestIncomeExpense": -52.1,
        "minorityInterest": -2.1,
        "netIncome": 121,
        "netIncomeAfterTaxes": 123.1,
        "nonRecurringItems": -15.9,
        "period": "2025-03-31",
        "pretaxIncome": 156.3,
        "provisionforIncomeTaxes": 33.2,
        "revenue": 2304.1,
        "sgaExpense": 602.1,
        "totalOperatingExpense": 653.2,
        "totalOtherIncomeExpenseNet": 26.6
      },
      {
        "costOfGoodsSold": 1698.1,
        "depreciationAmortization": 51.1,
        "dilutedAverageSharesOutstanding": 206.6,
        "dilutedEPS": 1.393,
        "ebit": 387.8,
        "grossIncome": 1037.5,
        "interestIncomeExpense": -48.3,
        "minorityInterest": -5.9,
        "netIncome": 287.8,
        "netIncomeAfterTaxes": 293.7,
        "nonRecurringItems": -6,
        "otherOperatingExpensesTotal": 0,
        "period": "2024-12-31",
        "pretaxIncome": 346.3,
        "provisionforIncomeTaxes": 52.6,
        "revenue": 2735.6,
        "sgaExpense": 598.6,
        "totalOperatingExpense": 649.7,
        "totalOtherIncomeExpenseNet": 12.8
      },
      {
        "costOfGoodsSold": 1840.2,
        "depreciationAmortization": 50.7,
        "dilutedAverageSharesOutstanding": 208,
        "dilutedEPS": 0.9606,
        "ebit": 517.8,
        "grossIncome": 1202.5,
        "interestIncomeExpense": -93.9,
        "minorityInterest": -29,
        "netIncome": 199.8,
        "netIncomeAfterTaxes": 228.8,
        "nonRecurringItems": -65.8,
        "period": "2024-09-30",
        "pretaxIncome": 331.4,
        "provisionforIncomeTaxes": 102.6,
        "revenue": 3042.7,
        "sgaExpense": 634,
        "totalOperatingExpense": 684.7,
        "totalOtherIncomeExpenseNet": -26.7
      },
      {
        "costOfGoodsSold": 1922.4,
        "depreciationAmortization": 52.2,
        "dilutedAverageSharesOutstanding": 210.8,
        "dilutedEPS": 2.0256,
        "ebit": 601.4,
        "grossIncome": 1329.9,
        "interestIncomeExpense": -53.1,
        "minorityInterest": 1.7,
        "netIncome": 427,
        "netIncomeAfterTaxes": 425.3,
        "nonRecurringItems": 0.1,
        "period": "2024-06-30",
        "pretaxIncome": 559.9,
        "provisionforIncomeTaxes": 134.6,
        "revenue": 3252.3,
        "sgaExpense": 676.3,
        "totalOperatingExpense": 728.5,
        "totalOtherIncomeExpenseNet": 11.5
      },
      {
        "costOfGoodsSold": 1632.9,
        "depreciationAmortization": 52.4,
        "dilutedAverageSharesOutstanding": 214.2,
        "dilutedEPS": 0.9701,
        "ebit": 308.9,
        "grossIncome": 963.5,
        "interestIncomeExpense": -49.3,
        "minorityInterest": -2.1,
        "netIncome": 207.8,
        "netIncomeAfterTaxes": 209.9,
        "nonRecurringItems": 6.3,
        "period": "2024-03-31",
        "pretaxIncome": 265.4,
        "provisionforIncomeTaxes": 55.5,
        "revenue": 2596.4,
        "sgaExpense": 602.2,
        "totalOperatingExpense": 654.6,
        "totalOtherIncomeExpenseNet": -0.5
      },
      {
        "costOfGoodsSold": 1757.8,
        "depreciationAmortization": 52.4,
        "dilutedAverageSharesOutstanding": 216.4,
        "dilutedEPS": 0.4774,
        "ebit": 349.8,
        "grossIncome": 1033,
        "interestIncomeExpense": -46.9,
        "minorityInterest": -2.2,
        "netIncome": 103.3,
        "netIncomeAfterTaxes": 105.5,
        "nonRecurringItems": -149.7,
        "otherOperatingExpensesTotal": 0,
        "period": "2023-12-31",
        "pretaxIncome": 165.5,
        "provisionforIncomeTaxes": 60,
        "revenue": 2790.8,
        "sgaExpense": 630.8,
        "totalOperatingExpense": 683.2,
        "totalOtherIncomeExpenseNet": 12.3
      },
      {
        "costOfGoodsSold": 1952.2,
        "depreciationAmortization": 52.4,
        "dilutedAverageSharesOutstanding": 217.6,
        "dilutedEPS": 1.9793,
        "ebit": 599.4,
        "grossIncome": 1346.2,
        "interestIncomeExpense": -43.3,
        "minorityInterest": -0.9,
        "netIncome": 430.7,
        "netIncomeAfterTaxes": 431.6,
        "nonRecurringItems": -12.7,
        "period": "2023-09-30",
        "pretaxIncome": 544,
        "provisionforIncomeTaxes": 112.4,
        "revenue": 3298.4,
        "sgaExpense": 694.4,
        "totalOperatingExpense": 746.8,
        "totalOtherIncomeExpenseNet": 0.6
      },
      {
        "costOfGoodsSold": 2047.7,
        "depreciationAmortization": 51.4,
        "dilutedAverageSharesOutstanding": 217.8,
        "dilutedEPS": 1.5721,
        "ebit": 484,
        "grossIncome": 1218.9,
        "interestIncomeExpense": -50.3,
        "minorityInterest": -3.7,
        "netIncome": 342.4,
        "netIncomeAfterTaxes": 346.1,
        "nonRecurringItems": 0.2,
        "period": "2023-06-30",
        "pretaxIncome": 441.1,
        "provisionforIncomeTaxes": 95,
        "revenue": 3266.6,
        "sgaExpense": 683.5,
        "totalOperatingExpense": 734.9,
        "totalOtherIncomeExpenseNet": 7.2
      },
      {
        "costOfGoodsSold": 1575.6,
        "depreciationAmortization": 51.1,
        "dilutedAverageSharesOutstanding": 217.3,
        "dilutedEPS": 0.3336,
        "ebit": 155.7,
        "grossIncome": 770.7,
        "interestIncomeExpense": -56.1,
        "minorityInterest": -0.7,
        "netIncome": 72.5,
        "netIncomeAfterTaxes": 73.2,
        "nonRecurringItems": -0.5,
        "period": "2023-03-31",
        "pretaxIncome": 101.9,
        "provisionforIncomeTaxes": 28.7,
        "revenue": 2346.3,
        "sgaExpense": 563.9,
        "totalOperatingExpense": 615,
        "totalOtherIncomeExpenseNet": 2.8
      },
      {
        "costOfGoodsSold": 1705.8,
        "depreciationAmortization": 50.8,
        "dilutedAverageSharesOutstanding": 216.6,
        "dilutedEPS": -2.7262,
        "ebit": 348.2,
        "grossIncome": 923.7,
        "interestIncomeExpense": -56.7,
        "minorityInterest": -0.7,
        "netIncome": -590.5,
        "netIncomeAfterTaxes": -589.8,
        "nonRecurringItems": -860.7,
        "period": "2022-12-31",
        "pretaxIncome": -564.1,
        "provisionforIncomeTaxes": 25.7,
        "revenue": 2629.5,
        "sgaExpense": 524.7,
        "totalOperatingExpense": 575.5,
        "totalOtherIncomeExpenseNet": 5.1
      },
      {
        "costOfGoodsSold": 1951.5,
        "depreciationAmortization": 51.8,
        "dilutedAverageSharesOutstanding": 217.6,
        "dilutedEPS": 0.9945,
        "ebit": 323.7,
        "grossIncome": 983.7,
        "interestIncomeExpense": -57.6,
        "minorityInterest": -1.7,
        "netIncome": 216.4,
        "netIncomeAfterTaxes": 218.1,
        "nonRecurringItems": 5.3,
        "period": "2022-09-30",
        "pretaxIncome": 273,
        "provisionforIncomeTaxes": 54.9,
        "revenue": 2935.2,
        "sgaExpense": 608.2,
        "totalOperatingExpense": 660,
        "totalOtherIncomeExpenseNet": 1.6
      },
      {
        "costOfGoodsSold": 2101.7,
        "depreciationAmortization": 52.2,
        "dilutedAverageSharesOutstanding": 217.8,
        "dilutedEPS": 0.2172,
        "ebit": 112.4,
        "grossIncome": 820,
        "interestIncomeExpense": -63.9,
        "minorityInterest": -0.6,
        "netIncome": 47.3,
        "netIncomeAfterTaxes": 47.9,
        "nonRecurringItems": -0.6,
        "period": "2022-06-30",
        "pretaxIncome": 54.9,
        "provisionforIncomeTaxes": 7,
        "revenue": 2921.7,
        "sgaExpense": 655.4,
        "totalOperatingExpense": 707.6,
        "totalOtherIncomeExpenseNet": 7
      },
      {
        "costOfGoodsSold": 1286.8,
        "depreciationAmortization": 53.3,
        "dilutedAverageSharesOutstanding": 217.8,
        "dilutedEPS": 0.6956,
        "ebit": 252.1,
        "grossIncome": 927.8,
        "interestIncomeExpense": -63.4,
        "minorityInterest": 14.2,
        "netIncome": 151.5,
        "netIncomeAfterTaxes": 137.3,
        "nonRecurringItems": -27.6,
        "period": "2022-03-31",
        "pretaxIncome": 173.7,
        "provisionforIncomeTaxes": 36.4,
        "revenue": 2214.6,
        "sgaExpense": 622.4,
        "totalOperatingExpense": 675.7,
        "totalOtherIncomeExpenseNet": 12.6
      },
      {
        "costOfGoodsSold": 1761.9,
        "depreciationAmortization": 54.7,
        "dilutedAverageSharesOutstanding": 217.9,
        "dilutedEPS": 0.3671,
        "ebit": 192.2,
        "grossIncome": 857.3,
        "interestIncomeExpense": -61.8,
        "minorityInterest": -2.4,
        "netIncome": 80,
        "netIncomeAfterTaxes": 82.4,
        "nonRecurringItems": -27.2,
        "period": "2021-12-31",
        "pretaxIncome": 109.5,
        "provisionforIncomeTaxes": 27.1,
        "revenue": 2619.2,
        "sgaExpense": 610.4,
        "totalOperatingExpense": 665.1,
        "totalOtherIncomeExpenseNet": 6.3
      },
      {
        "costOfGoodsSold": 1629.1,
        "depreciationAmortization": 54,
        "dilutedAverageSharesOutstanding": 217.6,
        "dilutedEPS": 2.0818,
        "ebit": 528.8,
        "grossIncome": 1193.6,
        "interestIncomeExpense": -63.3,
        "minorityInterest": -0.8,
        "netIncome": 453,
        "netIncomeAfterTaxes": 453.8,
        "nonRecurringItems": 2.6,
        "period": "2021-09-30",
        "pretaxIncome": 480.6,
        "provisionforIncomeTaxes": 26.8,
        "revenue": 2822.7,
        "sgaExpense": 610.8,
        "totalOperatingExpense": 664.8,
        "totalOtherIncomeExpenseNet": 12.5
      },
      {
        "costOfGoodsSold": 1667.9,
        "depreciationAmortization": 54.8,
        "dilutedAverageSharesOutstanding": 217.6,
        "dilutedEPS": 1.7859,
        "ebit": 589.8,
        "grossIncome": 1271.5,
        "interestIncomeExpense": -67.9,
        "minorityInterest": -1.7,
        "netIncome": 388.6,
        "netIncomeAfterTaxes": 390.3,
        "nonRecurringItems": -9,
        "period": "2021-06-30",
        "pretaxIncome": 522.6,
        "provisionforIncomeTaxes": 132.3,
        "revenue": 2939.4,
        "sgaExpense": 626.9,
        "totalOperatingExpense": 681.7,
        "totalOtherIncomeExpenseNet": 9.7
      },
      {
        "costOfGoodsSold": 1167.4,
        "depreciationAmortization": 54.5,
        "dilutedAverageSharesOutstanding": 217.4,
        "dilutedEPS": 0.39,
        "ebit": 188.1,
        "grossIncome": 731,
        "interestIncomeExpense": -65.3,
        "minorityInterest": 2.1,
        "netIncome": 84.1,
        "netIncomeAfterTaxes": 82,
        "nonRecurringItems": -10.9,
        "period": "2021-03-31",
        "pretaxIncome": 126.3,
        "provisionforIncomeTaxes": 44.3,
        "revenue": 1898.4,
        "sgaExpense": 488.4,
        "totalOperatingExpense": 542.9,
        "totalOtherIncomeExpenseNet": 14.4
      },
      {
        "costOfGoodsSold": 1399.1,
        "depreciationAmortization": 55.1,
        "dilutedAverageSharesOutstanding": 216.8,
        "dilutedEPS": -6.32,
        "ebit": 246.9,
        "gainLossOnDispositionOfAssets": 0,
        "grossIncome": 895.2,
        "interestIncomeExpense": -62,
        "minorityInterest": 4.1,
        "netIncome": -1369.8,
        "netIncomeAfterTaxes": -1373.9,
        "nonRecurringItems": -1529.6,
        "period": "2020-12-31",
        "pretaxIncome": -1337.3,
        "provisionforIncomeTaxes": 36.6,
        "revenue": 2294.3,
        "sgaExpense": 593.2,
        "totalOperatingExpense": 648.3,
        "totalOtherIncomeExpenseNet": 7.4
      },
      {
        "costOfGoodsSold": 1551,
        "depreciationAmortization": 55.4,
        "dilutedAverageSharesOutstanding": 217,
        "dilutedEPS": 1.58,
        "ebit": 568,
        "grossIncome": 1202.5,
        "interestIncomeExpense": -67.9,
        "minorityInterest": -3.6,
        "netIncome": 342.8,
        "netIncomeAfterTaxes": 346.4,
        "nonRecurringItems": -59.7,
        "period": "2020-09-30",
        "pretaxIncome": 450.4,
        "provisionforIncomeTaxes": 104,
        "revenue": 2753.5,
        "sgaExpense": 579.1,
        "totalOperatingExpense": 634.5,
        "totalOtherIncomeExpenseNet": 10
      },
      {
        "costOfGoodsSold": 1456.6,
        "depreciationAmortization": 54.6,
        "dilutedAverageSharesOutstanding": 217,
        "dilutedEPS": 0.9,
        "ebit": 522.3,
        "grossIncome": 1046.8,
        "interestIncomeExpense": -69.7,
        "minorityInterest": -2.2,
        "netIncome": 195,
        "netIncomeAfterTaxes": 197.2,
        "nonRecurringItems": -64.3,
        "period": "2020-06-30",
        "pretaxIncome": 401.7,
        "provisionforIncomeTaxes": 204.5,
        "revenue": 2503.4,
        "sgaExpense": 469.9,
        "totalOperatingExpense": 524.5,
        "totalOtherIncomeExpenseNet": 13.4
      },
      {
        "costOfGoodsSold": 1479,
        "depreciationAmortization": 54.9,
        "dilutedAverageSharesOutstanding": 216.7,
        "dilutedEPS": -0.54,
        "ebit": -5.9,
        "grossIncome": 623.8,
        "interestIncomeExpense": -67.2,
        "minorityInterest": -1.6,
        "netIncome": -117,
        "netIncomeAfterTaxes": -115.4,
        "nonRecurringItems": -86.6,
        "period": "2020-03-31",
        "pretaxIncome": -158.7,
        "provisionforIncomeTaxes": -43.3,
        "revenue": 2102.8,
        "sgaExpense": 574.8,
        "totalOperatingExpense": 629.7,
        "totalOtherIncomeExpenseNet": 1
      },
      {
        "costOfGoodsSold": 1520,
        "dilutedAverageSharesOutstanding": 216.9,
        "dilutedEPS": 0.75,
        "ebit": 353.3,
        "gainLossOnDispositionOfAssets": 0,
        "grossIncome": 966.2,
        "interestExpense": 3.4,
        "interestIncomeExpense": -102.9,
        "minorityInterest": -2.5,
        "netIncome": 163.7,
        "netIncomeAfterTaxes": 166.2,
        "nonRecurringItems": -42.4,
        "period": "2019-12-31",
        "pretaxIncome": 206.6,
        "provisionforIncomeTaxes": 40.4,
        "revenue": 2486.2,
        "sgaExpense": 612.9,
        "totalOperatingExpense": 612.9,
        "totalOtherIncomeExpenseNet": -1.4
      },
      {
        "costOfGoodsSold": 1685.4,
        "dilutedAverageSharesOutstanding": 216.6,
        "dilutedEPS": -1.86,
        "ebit": 466,
        "grossIncome": 1156.2,
        "interestExpense": 2.9,
        "interestIncomeExpense": -77,
        "minorityInterest": -3.5,
        "netIncome": -402.8,
        "netIncomeAfterTaxes": -399.3,
        "nonRecurringItems": -703.3,
        "period": "2019-09-30",
        "pretaxIncome": -308.6,
        "provisionforIncomeTaxes": 90.7,
        "revenue": 2841.6,
        "sgaExpense": 690.2,
        "totalOperatingExpense": 690.2,
        "totalOtherIncomeExpenseNet": 5.7
      },
      {
        "costOfGoodsSold": 1759.8,
        "dilutedAverageSharesOutstanding": 216.9,
        "dilutedEPS": 1.52,
        "ebit": 418.8,
        "grossIncome": 1188.5,
        "interestExpense": 3,
        "interestIncomeExpense": -80.6,
        "minorityInterest": -0.8,
        "netIncome": 329.4,
        "netIncomeAfterTaxes": 330.2,
        "nonRecurringItems": 49.9,
        "period": "2019-06-30",
        "pretaxIncome": 400.6,
        "provisionforIncomeTaxes": 70.4,
        "revenue": 2948.3,
        "sgaExpense": 769.7,
        "totalOperatingExpense": 769.7,
        "totalOtherIncomeExpenseNet": 12.5
      },
      {
        "costOfGoodsSold": 1413,
        "dilutedAverageSharesOutstanding": 216.9,
        "dilutedEPS": 0.7,
        "ebit": 235.1,
        "grossIncome": 890.3,
        "interestExpense": 2.8,
        "interestIncomeExpense": -50.4,
        "minorityInterest": 2.3,
        "netIncome": 151.4,
        "netIncomeAfterTaxes": 149.1,
        "nonRecurringItems": -13,
        "period": "2019-03-31",
        "pretaxIncome": 181.3,
        "provisionforIncomeTaxes": 32.2,
        "revenue": 2303.3,
        "sgaExpense": 655.2,
        "totalOperatingExpense": 655.2,
        "totalOtherIncomeExpenseNet": 9.6
      },
      {
        "costOfGoodsSold": 1596,
        "dilutedAverageSharesOutstanding": 216.6,
        "dilutedEPS": 0.35,
        "ebit": 159.7,
        "gainLossOnDispositionOfAssets": 11.7,
        "grossIncome": 822.7,
        "interestExpense": 78.9,
        "interestIncomeExpense": -102.8,
        "minorityInterest": 0.3,
        "netIncome": 76,
        "netIncomeAfterTaxes": 75.7,
        "nonRecurringItems": -18,
        "period": "2018-12-31",
        "pretaxIncome": 69.3,
        "provisionforIncomeTaxes": -6.4,
        "revenue": 2418.7,
        "sgaExpense": 663,
        "totalOperatingExpense": 663,
        "totalOtherIncomeExpenseNet": 18.7
      },
      {
        "costOfGoodsSold": 1714,
        "dilutedAverageSharesOutstanding": 216.6,
        "dilutedEPS": 1.56,
        "ebit": 506.3,
        "grossIncome": 1220.2,
        "interestIncomeExpense": -67.4,
        "minorityInterest": -7.3,
        "netIncome": 338.3,
        "netIncomeAfterTaxes": 345.6,
        "nonRecurringItems": -36.6,
        "period": "2018-09-30",
        "pretaxIncome": 410.1,
        "provisionforIncomeTaxes": 64.5,
        "revenue": 2934.2,
        "sgaExpense": 713.9,
        "totalOperatingExpense": 713.9,
        "totalOtherIncomeExpenseNet": 7.8
      },
      {
        "costOfGoodsSold": 1739.1,
        "dilutedAverageSharesOutstanding": 216.5,
        "dilutedEPS": 1.96,
        "ebit": 601.4,
        "grossIncome": 1346.1,
        "interestIncomeExpense": -76.7,
        "minorityInterest": -6.7,
        "netIncome": 424.1,
        "netIncomeAfterTaxes": 430.8,
        "nonRecurringItems": -10.5,
        "period": "2018-06-30",
        "pretaxIncome": 523,
        "provisionforIncomeTaxes": 92.2,
        "revenue": 3085.2,
        "sgaExpense": 744.7,
        "totalOperatingExpense": 744.7,
        "totalOtherIncomeExpenseNet": 8.8
      },
      {
        "costOfGoodsSold": 1535.7,
        "dilutedAverageSharesOutstanding": 216.6,
        "dilutedEPS": 1.28,
        "ebit": 114.7,
        "grossIncome": 795.8,
        "interestIncomeExpense": -83.2,
        "minorityInterest": -4.4,
        "netIncome": 278.1,
        "netIncomeAfterTaxes": 282.5,
        "nonRecurringItems": 314.8,
        "period": "2018-03-31",
        "pretaxIncome": 357.4,
        "provisionforIncomeTaxes": 74.9,
        "revenue": 2331.5,
        "sgaExpense": 681.1,
        "totalOperatingExpense": 681.1,
        "totalOtherIncomeExpenseNet": 11.1
      },
      {
        "costOfGoodsSold": 1519.8,
        "dilutedAverageSharesOutstanding": 216.5,
        "dilutedEPS": 3.41,
        "ebit": 279.3,
        "gainLossOnDispositionOfAssets": 0,
        "grossIncome": 1059.8,
        "interestExpense": 90.9,
        "interestIncomeExpense": -92.9,
        "minorityInterest": -4.5,
        "netIncome": 740.2,
        "netIncomeAfterTaxes": 177.7,
        "nonRecurringItems": -9.1,
        "period": "2017-12-31",
        "pretaxIncome": 201.6,
        "provisionforIncomeTaxes": 23.9,
        "revenue": 2579.6,
        "sgaExpense": 780.5,
        "totalOperatingExpense": 780.5,
        "totalOtherIncomeExpenseNet": 24.3
      },
      {
        "costOfGoodsSold": 1589.1,
        "dilutedAverageSharesOutstanding": 216.5,
        "dilutedEPS": 1.33,
        "ebit": 510.3,
        "grossIncome": 1294.1,
        "interestIncomeExpense": -72.6,
        "minorityInterest": -6.1,
        "netIncome": 287,
        "netIncomeAfterTaxes": 293.1,
        "nonRecurringItems": -4.1,
        "period": "2017-09-30",
        "pretaxIncome": 440.5,
        "provisionforIncomeTaxes": 147.4,
        "revenue": 2883.2,
        "sgaExpense": 783.8,
        "totalOperatingExpense": 783.8,
        "totalOtherIncomeExpenseNet": 6.9
      },
      {
        "costOfGoodsSold": 1755.5,
        "dilutedAverageSharesOutstanding": 216.4,
        "dilutedEPS": 1.52,
        "ebit": 553.4,
        "grossIncome": 1335.8,
        "interestIncomeExpense": -89.2,
        "minorityInterest": -5.1,
        "netIncome": 329.9,
        "netIncomeAfterTaxes": 335,
        "nonRecurringItems": -16.5,
        "period": "2017-06-30",
        "pretaxIncome": 460.2,
        "provisionforIncomeTaxes": 125.2,
        "revenue": 3091.3,
        "sgaExpense": 782.4,
        "totalOperatingExpense": 782.4,
        "totalOtherIncomeExpenseNet": 12.5
      },
      {
        "costOfGoodsSold": 1372.3,
        "dilutedAverageSharesOutstanding": 216.5,
        "dilutedEPS": 0.96,
        "ebit": 371.1,
        "grossIncome": 1076.4,
        "interestIncomeExpense": -104.9,
        "minorityInterest": -6.5,
        "netIncome": 208.5,
        "netIncomeAfterTaxes": 215,
        "nonRecurringItems": -6.7,
        "period": "2017-03-31",
        "pretaxIncome": 280.9,
        "provisionforIncomeTaxes": 65.9,
        "revenue": 2448.7,
        "sgaExpense": 705.3,
        "totalOperatingExpense": 705.3,
        "totalOtherIncomeExpenseNet": 21.4
      },
      {
        "costOfGoodsSold": 1481.5,
        "dilutedAverageSharesOutstanding": 215.8,
        "dilutedEPS": 4.88,
        "ebit": 58.7,
        "gainLossOnDispositionOfAssets": 20.5,
        "grossIncome": 812.5,
        "interestExpense": 117.2,
        "interestIncomeExpense": -78.7,
        "minorityInterest": -2.2,
        "netIncome": 1056.4,
        "netIncomeAfterTaxes": 1056.3,
        "nonRecurringItems": 2453.9,
        "period": "2016-12-31",
        "pretaxIncome": 2453.1,
        "provisionforIncomeTaxes": 1396.8,
        "revenue": 2294,
        "sgaExpense": 753.8,
        "totalOperatingExpense": 753.8,
        "totalOtherIncomeExpenseNet": -1.3
      },
      {
        "costOfGoodsSold": 541.3,
        "dilutedAverageSharesOutstanding": 216.3,
        "dilutedEPS": 0.94,
        "ebit": 127.4,
        "grossIncome": 406.3,
        "interestExpense": 66.6,
        "interestIncomeExpense": 115,
        "minorityInterest": -1.3,
        "netIncome": 202.5,
        "netIncomeAfterTaxes": 203.8,
        "nonRecurringItems": 4.9,
        "period": "2016-09-30",
        "pretaxIncome": 223.4,
        "provisionforIncomeTaxes": 19.6,
        "revenue": 947.6,
        "sgaExpense": 278.9,
        "totalOperatingExpense": 278.9,
        "totalOtherIncomeExpenseNet": -23.9
      },
      {
        "costOfGoodsSold": 562.2,
        "dilutedAverageSharesOutstanding": 215.9,
        "dilutedEPS": 0.81,
        "ebit": 110.4,
        "grossIncome": 424,
        "interestExpense": 25.2,
        "interestIncomeExpense": 132.4,
        "minorityInterest": -1.6,
        "netIncome": 172.3,
        "netIncomeAfterTaxes": 175.7,
        "nonRecurringItems": -34.5,
        "period": "2016-06-30",
        "pretaxIncome": 196.9,
        "provisionforIncomeTaxes": 21.2,
        "revenue": 986.2,
        "sgaExpense": 313.6,
        "totalOperatingExpense": 313.6,
        "totalOtherIncomeExpenseNet": -11.4
      },
      {
        "costOfGoodsSold": 414,
        "dilutedAverageSharesOutstanding": 205.1,
        "dilutedEPS": 0.8,
        "ebit": -7.7,
        "grossIncome": 243.2,
        "interestExpense": 26.2,
        "interestIncomeExpense": 95,
        "minorityInterest": -0.8,
        "netIncome": 162.7,
        "netIncomeAfterTaxes": 164,
        "nonRecurringItems": 108.6,
        "period": "2016-03-31",
        "pretaxIncome": 180.7,
        "provisionforIncomeTaxes": 16.7,
        "revenue": 657.2,
        "sgaExpense": 250.9,
        "totalOperatingExpense": 250.9,
        "totalOtherIncomeExpenseNet": -15.2
      },
      {
        "costOfGoodsSold": 511,
        "dilutedAverageSharesOutstanding": 185.8,
        "dilutedEPS": 0.37,
        "ebit": 84.2,
        "gainLossOnDispositionOfAssets": -2.5,
        "grossIncome": 333.4,
        "interestIncomeExpense": 23.2,
        "minorityInterest": -0.9,
        "netIncome": 68.5,
        "netIncomeAfterTaxes": 70,
        "nonRecurringItems": -10.9,
        "period": "2015-12-31",
        "pretaxIncome": 87.6,
        "provisionforIncomeTaxes": 17.6,
        "revenue": 844.4,
        "sgaExpense": 249.2,
        "totalOperatingExpense": 249.2,
        "totalOtherIncomeExpenseNet": -6.4
      },
      {
        "costOfGoodsSold": 585.9,
        "dilutedAverageSharesOutstanding": 186,
        "dilutedEPS": 0.07,
        "ebit": 166.3,
        "gainLossOnDispositionOfAssets": 0,
        "grossIncome": 431.5,
        "interestIncomeExpense": 112.2,
        "minorityInterest": 1.4,
        "netIncome": 16.6,
        "netIncomeAfterTaxes": 12.3,
        "nonRecurringItems": -293.5,
        "period": "2015-09-30",
        "pretaxIncome": -15,
        "provisionforIncomeTaxes": -27.3,
        "revenue": 1017.4,
        "sgaExpense": 265.2,
        "totalOperatingExpense": 265.2,
        "totalOtherIncomeExpenseNet": 0
      }
    ],
    "symbol": "TAP"
  }
}