{
  "symbol": "MCO",
  "statement": "ic",
  "frequency": "quarterly",
  "timestamp": "2025-09-19T14:04:18.970047",
  "data": {
    "financials": [
      {
        "costOfGoodsSold": 489,
        "depreciationAmortization": 120,
        "dilutedAverageSharesOutstanding": 180.2,
        "dilutedEPS": 3.21,
        "ebit": 846,
        "grossIncome": 1409,
        "interestExpense": 62,
        "interestIncomeExpense": -42,
        "minorityInterest": -1,
        "netIncome": 578,
        "netIncomeAfterTaxes": 579,
        "nonRecurringItems": -28,
        "period": "2025-06-30",
        "pretaxIncome": 772,
        "provisionforIncomeTaxes": 193,
        "revenue": 1898,
        "sgaExpense": 443,
        "totalOperatingExpense": 563,
        "totalOtherIncomeExpenseNet": -4
      },
      {
        "costOfGoodsSold": 491,
        "depreciationAmortization": 113,
        "dilutedAverageSharesOutstanding": 180.7,
        "dilutedEPS": 3.46,
        "ebit": 881,
        "grossIncome": 1433,
        "interestExpense": 72,
        "interestIncomeExpense": -39,
        "netIncome": 625,
        "netIncomeAfterTaxes": 625,
        "nonRecurringItems": -35,
        "period": "2025-03-31",
        "pretaxIncome": 804,
        "provisionforIncomeTaxes": 179,
        "revenue": 1924,
        "sgaExpense": 439,
        "totalOperatingExpense": 552,
        "totalOtherIncomeExpenseNet": -3
      },
      {
        "costOfGoodsSold": 497,
        "depreciationAmortization": 113,
        "dilutedAverageSharesOutstanding": 181.8,
        "dilutedEPS": 2.17,
        "ebit": 620,
        "grossIncome": 1175,
        "interestExpense": 73,
        "interestIncomeExpense": -31,
        "minorityInterest": 0,
        "netIncome": 395,
        "netIncomeAfterTaxes": 407,
        "nonRecurringItems": -59,
        "period": "2024-12-31",
        "pretaxIncome": 525,
        "provisionforIncomeTaxes": 118,
        "revenue": 1672,
        "sgaExpense": 442,
        "totalOperatingExpense": 555,
        "totalOtherIncomeExpenseNet": -5
      },
      {
        "costOfGoodsSold": 512,
        "depreciationAmortization": 108,
        "dilutedAverageSharesOutstanding": 182.5,
        "dilutedEPS": 2.93,
        "ebit": 759,
        "grossIncome": 1301,
        "interestExpense": 79,
        "interestIncomeExpense": -32,
        "minorityInterest": 0,
        "netIncome": 534,
        "netIncomeAfterTaxes": 534,
        "nonRecurringItems": -21,
        "period": "2024-09-30",
        "pretaxIncome": 703,
        "provisionforIncomeTaxes": 169,
        "revenue": 1813,
        "sgaExpense": 434,
        "totalOperatingExpense": 542,
        "totalOtherIncomeExpenseNet": -3
      },
      {
        "costOfGoodsSold": 469,
        "depreciationAmortization": 110,
        "dilutedAverageSharesOutstanding": 183,
        "dilutedEPS": 3.02,
        "ebit": 792,
        "grossIncome": 1348,
        "interestExpense": 74,
        "interestIncomeExpense": -48,
        "minorityInterest": -1,
        "netIncome": 552,
        "netIncomeAfterTaxes": 553,
        "nonRecurringItems": -17,
        "period": "2024-06-30",
        "pretaxIncome": 719,
        "provisionforIncomeTaxes": 166,
        "revenue": 1817,
        "sgaExpense": 446,
        "totalOperatingExpense": 556,
        "totalOtherIncomeExpenseNet": -8
      },
      {
        "costOfGoodsSold": 467,
        "depreciationAmortization": 100,
        "dilutedAverageSharesOutstanding": 183.4,
        "dilutedEPS": 3.15,
        "ebit": 806,
        "grossIncome": 1319,
        "interestExpense": 74,
        "interestIncomeExpense": -52,
        "netIncome": 577,
        "netIncomeAfterTaxes": 577,
        "nonRecurringItems": -5,
        "period": "2024-03-31",
        "pretaxIncome": 752,
        "provisionforIncomeTaxes": 175,
        "revenue": 1786,
        "sgaExpense": 413,
        "totalOperatingExpense": 513,
        "totalOtherIncomeExpenseNet": 3
      },
      {
        "costOfGoodsSold": 421,
        "depreciationAmortization": 97,
        "dilutedAverageSharesOutstanding": 183.7,
        "dilutedEPS": 1.85,
        "ebit": 534,
        "grossIncome": 1059,
        "interestExpense": 76,
        "interestIncomeExpense": -48,
        "minorityInterest": 0,
        "netIncome": 340,
        "netIncomeAfterTaxes": 355,
        "nonRecurringItems": -36,
        "period": "2023-12-31",
        "pretaxIncome": 450,
        "provisionforIncomeTaxes": 95,
        "revenue": 1480,
        "sgaExpense": 428,
        "totalOperatingExpense": 525,
        "totalOtherIncomeExpenseNet": 0
      },
      {
        "costOfGoodsSold": 412,
        "depreciationAmortization": 95,
        "dilutedAverageSharesOutstanding": 184,
        "dilutedEPS": 2.11,
        "ebit": 562,
        "grossIncome": 1060,
        "interestExpense": 75,
        "interestIncomeExpense": -46,
        "minorityInterest": -1,
        "netIncome": 389,
        "netIncomeAfterTaxes": 390,
        "nonRecurringItems": -27,
        "period": "2023-09-30",
        "pretaxIncome": 487,
        "provisionforIncomeTaxes": 97,
        "revenue": 1472,
        "sgaExpense": 403,
        "totalOperatingExpense": 498,
        "totalOtherIncomeExpenseNet": -2
      },
      {
        "costOfGoodsSold": 426,
        "depreciationAmortization": 93,
        "dilutedAverageSharesOutstanding": 184.1,
        "dilutedEPS": 2.05,
        "ebit": 560,
        "grossIncome": 1068,
        "interestExpense": 75,
        "interestIncomeExpense": -59,
        "netIncome": 377,
        "netIncomeAfterTaxes": 377,
        "nonRecurringItems": -10,
        "period": "2023-06-30",
        "pretaxIncome": 492,
        "provisionforIncomeTaxes": 115,
        "revenue": 1494,
        "sgaExpense": 415,
        "totalOperatingExpense": 508,
        "totalOtherIncomeExpenseNet": 1
      },
      {
        "costOfGoodsSold": 428,
        "depreciationAmortization": 88,
        "dilutedAverageSharesOutstanding": 184.1,
        "dilutedEPS": 2.72,
        "ebit": 568,
        "grossIncome": 1042,
        "interestExpense": 70,
        "interestIncomeExpense": -84,
        "minorityInterest": 0,
        "netIncome": 501,
        "netIncomeAfterTaxes": 501,
        "nonRecurringItems": -14,
        "period": "2023-03-31",
        "pretaxIncome": 506,
        "provisionforIncomeTaxes": 5,
        "revenue": 1470,
        "sgaExpense": 386,
        "totalOperatingExpense": 474,
        "totalOtherIncomeExpenseNet": 36
      },
      {
        "costOfGoodsSold": 410,
        "depreciationAmortization": 89,
        "dilutedAverageSharesOutstanding": 184.1,
        "dilutedEPS": 1.33,
        "ebit": 388,
        "grossIncome": 880,
        "interestExpense": 64,
        "interestIncomeExpense": -56,
        "minorityInterest": 0,
        "netIncome": 246,
        "netIncomeAfterTaxes": 294,
        "nonRecurringItems": -12,
        "period": "2022-12-31",
        "pretaxIncome": 327,
        "provisionforIncomeTaxes": 33,
        "revenue": 1290,
        "sgaExpense": 403,
        "totalOperatingExpense": 492,
        "totalOtherIncomeExpenseNet": 7
      },
      {
        "costOfGoodsSold": 393,
        "depreciationAmortization": 83,
        "dilutedAverageSharesOutstanding": 183.9,
        "dilutedEPS": 1.65,
        "ebit": 414,
        "grossIncome": 882,
        "interestExpense": 54,
        "interestIncomeExpense": -26,
        "netIncome": 303,
        "netIncomeAfterTaxes": 303,
        "nonRecurringItems": -1,
        "period": "2022-09-30",
        "pretaxIncome": 381,
        "provisionforIncomeTaxes": 78,
        "revenue": 1275,
        "sgaExpense": 385,
        "totalOperatingExpense": 468,
        "totalOtherIncomeExpenseNet": -6
      },
      {
        "costOfGoodsSold": 393,
        "depreciationAmortization": 81,
        "dilutedAverageSharesOutstanding": 184.9,
        "dilutedEPS": 1.77,
        "ebit": 539,
        "grossIncome": 988,
        "interestExpense": 50,
        "interestIncomeExpense": -68,
        "netIncome": 327,
        "netIncomeAfterTaxes": 327,
        "nonRecurringItems": -31,
        "period": "2022-06-30",
        "pretaxIncome": 443,
        "provisionforIncomeTaxes": 116,
        "revenue": 1381,
        "sgaExpense": 368,
        "totalOperatingExpense": 449,
        "totalOtherIncomeExpenseNet": 3
      },
      {
        "costOfGoodsSold": 417,
        "depreciationAmortization": 78,
        "dilutedAverageSharesOutstanding": 186.1,
        "dilutedEPS": 2.68,
        "ebit": 656,
        "grossIncome": 1105,
        "interestExpense": 48,
        "interestIncomeExpense": -44,
        "netIncome": 498,
        "netIncomeAfterTaxes": 498,
        "nonRecurringItems": 0,
        "period": "2022-03-31",
        "pretaxIncome": 609,
        "provisionforIncomeTaxes": 111,
        "revenue": 1522,
        "sgaExpense": 371,
        "totalOperatingExpense": 449,
        "totalOtherIncomeExpenseNet": -3
      },
      {
        "costOfGoodsSold": 485,
        "depreciationAmortization": 77,
        "dilutedAverageSharesOutstanding": 187.6,
        "dilutedEPS": 2.28,
        "ebit": 512,
        "grossIncome": 1054,
        "interestExpense": 56,
        "interestIncomeExpense": -8,
        "minorityInterest": 0,
        "netIncome": 427,
        "netIncomeAfterTaxes": 427,
        "nonRecurringItems": 2,
        "period": "2021-12-31",
        "pretaxIncome": 516,
        "provisionforIncomeTaxes": 89,
        "revenue": 1539,
        "sgaExpense": 465,
        "totalOperatingExpense": 542,
        "totalOtherIncomeExpenseNet": 10
      },
      {
        "costOfGoodsSold": 394,
        "depreciationAmortization": 61,
        "dilutedAverageSharesOutstanding": 187.3,
        "dilutedEPS": 2.53,
        "ebit": 676,
        "grossIncome": 1132,
        "interestExpense": 47,
        "interestIncomeExpense": -53,
        "minorityInterest": 0,
        "netIncome": 474,
        "netIncomeAfterTaxes": 474,
        "nonRecurringItems": 0,
        "period": "2021-09-30",
        "pretaxIncome": 619,
        "provisionforIncomeTaxes": 145,
        "revenue": 1526,
        "sgaExpense": 395,
        "totalOperatingExpense": 456,
        "totalOtherIncomeExpenseNet": -4
      },
      {
        "costOfGoodsSold": 365,
        "depreciationAmortization": 60,
        "dilutedAverageSharesOutstanding": 187.9,
        "dilutedEPS": 3.07,
        "ebit": 801,
        "grossIncome": 1188,
        "interestExpense": 41,
        "interestIncomeExpense": -37,
        "minorityInterest": 0,
        "netIncome": 577,
        "netIncomeAfterTaxes": 577,
        "nonRecurringItems": 0,
        "period": "2021-06-30",
        "pretaxIncome": 758,
        "provisionforIncomeTaxes": 181,
        "revenue": 1553,
        "sgaExpense": 327,
        "totalOperatingExpense": 387,
        "totalOtherIncomeExpenseNet": -6
      },
      {
        "costOfGoodsSold": 393,
        "depreciationAmortization": 59,
        "dilutedAverageSharesOutstanding": 188.6,
        "dilutedEPS": 3.9,
        "ebit": 855,
        "grossIncome": 1207,
        "interestExpense": 41,
        "interestIncomeExpense": -32,
        "minorityInterest": 0,
        "netIncome": 736,
        "netIncomeAfterTaxes": 736,
        "nonRecurringItems": -2,
        "period": "2021-03-31",
        "pretaxIncome": 862,
        "provisionforIncomeTaxes": 126,
        "revenue": 1600,
        "sgaExpense": 293,
        "totalOperatingExpense": 352,
        "totalOtherIncomeExpenseNet": 41
      },
      {
        "costOfGoodsSold": 409,
        "depreciationAmortization": 57,
        "dilutedAverageSharesOutstanding": 189.3,
        "dilutedEPS": 1.66,
        "ebit": 474,
        "grossIncome": 881,
        "interestExpense": 42,
        "interestIncomeExpense": -43,
        "minorityInterest": 0,
        "netIncome": 314,
        "netIncomeAfterTaxes": 314,
        "nonRecurringItems": -30,
        "period": "2020-12-31",
        "pretaxIncome": 400,
        "provisionforIncomeTaxes": 86,
        "revenue": 1290,
        "sgaExpense": 350,
        "totalOperatingExpense": 407,
        "totalOtherIncomeExpenseNet": -1
      },
      {
        "costOfGoodsSold": 364,
        "depreciationAmortization": 56,
        "dilutedAverageSharesOutstanding": 189.3,
        "dilutedEPS": 2.47,
        "ebit": 665,
        "grossIncome": 992,
        "interestExpense": 42,
        "interestIncomeExpense": -34,
        "minorityInterest": 0,
        "netIncome": 467,
        "netIncomeAfterTaxes": 467,
        "nonRecurringItems": -23,
        "period": "2020-09-30",
        "pretaxIncome": 599,
        "provisionforIncomeTaxes": 132,
        "revenue": 1356,
        "sgaExpense": 271,
        "totalOperatingExpense": 327,
        "totalOtherIncomeExpenseNet": -9
      },
      {
        "costOfGoodsSold": 362,
        "depreciationAmortization": 58,
        "dilutedAverageSharesOutstanding": 189,
        "dilutedEPS": 2.69,
        "ebit": 708,
        "grossIncome": 1073,
        "interestExpense": 48,
        "interestIncomeExpense": -50,
        "minorityInterest": 0,
        "netIncome": 509,
        "netIncomeAfterTaxes": 509,
        "nonRecurringItems": 2,
        "period": "2020-06-30",
        "pretaxIncome": 666,
        "provisionforIncomeTaxes": 157,
        "revenue": 1435,
        "sgaExpense": 307,
        "totalOperatingExpense": 365,
        "totalOtherIncomeExpenseNet": 6
      },
      {
        "costOfGoodsSold": 340,
        "depreciationAmortization": 49,
        "dilutedAverageSharesOutstanding": 189.6,
        "dilutedEPS": 2.57,
        "ebit": 600,
        "grossIncome": 950,
        "interestExpense": 31,
        "interestIncomeExpense": -57,
        "minorityInterest": 1,
        "netIncome": 488,
        "netIncomeAfterTaxes": 487,
        "nonRecurringItems": -8,
        "period": "2020-03-31",
        "pretaxIncome": 564,
        "provisionforIncomeTaxes": 77,
        "revenue": 1290,
        "sgaExpense": 301,
        "totalOperatingExpense": 350,
        "totalOtherIncomeExpenseNet": 29
      },
      {
        "costOfGoodsSold": 355.2,
        "depreciationAmortization": 50.1,
        "dilutedAverageSharesOutstanding": 191,
        "dilutedEPS": 1.88,
        "ebit": 508.6,
        "grossIncome": 877.6,
        "interestExpense": 50.3,
        "interestIncomeExpense": -23,
        "minorityInterest": -1.6,
        "netIncome": 359.4,
        "netIncomeAfterTaxes": 361,
        "nonRecurringItems": -4.6,
        "period": "2019-12-31",
        "pretaxIncome": 452.4,
        "provisionforIncomeTaxes": 91.4,
        "revenue": 1232.8,
        "sgaExpense": 318.9,
        "totalOperatingExpense": 369,
        "totalOtherIncomeExpenseNet": -28.6
      },
      {
        "costOfGoodsSold": 350.2,
        "depreciationAmortization": 48.6,
        "dilutedAverageSharesOutstanding": 191.1,
        "dilutedEPS": 1.99,
        "ebit": 549.8,
        "grossIncome": 890.3,
        "interestExpense": 36.9,
        "interestIncomeExpense": -55.2,
        "minorityInterest": -3,
        "netIncome": 379.4,
        "netIncomeAfterTaxes": 382.4,
        "nonRecurringItems": -1,
        "period": "2019-09-30",
        "pretaxIncome": 512.8,
        "provisionforIncomeTaxes": 130.4,
        "revenue": 1240.5,
        "sgaExpense": 291.9,
        "totalOperatingExpense": 340.5,
        "totalOtherIncomeExpenseNet": 19.2
      },
      {
        "costOfGoodsSold": 339.9,
        "depreciationAmortization": 51,
        "dilutedAverageSharesOutstanding": 191.3,
        "dilutedEPS": 1.62,
        "ebit": 548,
        "grossIncome": 873.7,
        "interestExpense": 41.3,
        "interestIncomeExpense": -51.1,
        "minorityInterest": -1.7,
        "netIncome": 310.3,
        "netIncomeAfterTaxes": 312,
        "nonRecurringItems": -64.5,
        "period": "2019-06-30",
        "pretaxIncome": 433.3,
        "provisionforIncomeTaxes": 121.3,
        "revenue": 1213.6,
        "sgaExpense": 274.7,
        "totalOperatingExpense": 325.7,
        "totalOtherIncomeExpenseNet": 0.9
      },
      {
        "costOfGoodsSold": 341.7,
        "depreciationAmortization": 50.3,
        "dilutedAverageSharesOutstanding": 192.8,
        "dilutedEPS": 1.93,
        "ebit": 468.6,
        "grossIncome": 800.4,
        "interestExpense": 46.3,
        "interestIncomeExpense": -44.9,
        "minorityInterest": -0.7,
        "netIncome": 372.9,
        "netIncomeAfterTaxes": 373.6,
        "nonRecurringItems": -6.9,
        "period": "2019-03-31",
        "pretaxIncome": 411.5,
        "provisionforIncomeTaxes": 37.9,
        "revenue": 1142.1,
        "sgaExpense": 281.5,
        "totalOperatingExpense": 331.8,
        "totalOtherIncomeExpenseNet": -5.3
      },
      {
        "costOfGoodsSold": 304.1,
        "depreciationAmortization": 48.3,
        "dilutedAverageSharesOutstanding": 194.4,
        "dilutedEPS": 1.28,
        "ebit": 429.5,
        "grossIncome": 756,
        "interestExpense": 49.9,
        "interestIncomeExpense": -72.4,
        "minorityInterest": -2.4,
        "netIncome": 250.3,
        "netIncomeAfterTaxes": 258.4,
        "nonRecurringItems": -52.9,
        "period": "2018-12-31",
        "pretaxIncome": 321.6,
        "provisionforIncomeTaxes": 63.2,
        "revenue": 1060.1,
        "sgaExpense": 278.2,
        "totalOperatingExpense": 326.5,
        "totalOtherIncomeExpenseNet": 17.4
      },
      {
        "costOfGoodsSold": 306.3,
        "depreciationAmortization": 46.1,
        "dilutedAverageSharesOutstanding": 194.5,
        "dilutedEPS": 1.59,
        "ebit": 468.1,
        "grossIncome": 774.5,
        "interestExpense": 46,
        "interestIncomeExpense": -54.3,
        "minorityInterest": -1.8,
        "netIncome": 310.2,
        "netIncomeAfterTaxes": 247.3,
        "nonRecurringItems": -1.3,
        "period": "2018-09-30",
        "pretaxIncome": 412.8,
        "provisionforIncomeTaxes": 165.5,
        "revenue": 1080.8,
        "sgaExpense": 260.3,
        "totalOperatingExpense": 306.4,
        "totalOtherIncomeExpenseNet": 0.3
      },
      {
        "costOfGoodsSold": 320.2,
        "depreciationAmortization": 48.4,
        "dilutedAverageSharesOutstanding": 194.4,
        "dilutedEPS": 1.94,
        "ebit": 536,
        "grossIncome": 854.9,
        "interestExpense": 49.1,
        "interestIncomeExpense": -79.8,
        "minorityInterest": -1.7,
        "netIncome": 376.2,
        "netIncomeAfterTaxes": 377.9,
        "nonRecurringItems": -2,
        "period": "2018-06-30",
        "pretaxIncome": 495.5,
        "provisionforIncomeTaxes": 117.6,
        "revenue": 1175.1,
        "sgaExpense": 270.5,
        "totalOperatingExpense": 318.9,
        "totalOtherIncomeExpenseNet": 41.3
      },
      {
        "costOfGoodsSold": 314.9,
        "depreciationAmortization": 49.1,
        "dilutedAverageSharesOutstanding": 194.5,
        "dilutedEPS": 1.92,
        "ebit": 491.6,
        "grossIncome": 811.8,
        "interestExpense": 51,
        "interestIncomeExpense": -24.8,
        "minorityInterest": -3.9,
        "netIncome": 372.9,
        "netIncomeAfterTaxes": 376.8,
        "nonRecurringItems": -0.8,
        "period": "2018-03-31",
        "pretaxIncome": 441.1,
        "provisionforIncomeTaxes": 64.3,
        "revenue": 1126.7,
        "sgaExpense": 271.1,
        "totalOperatingExpense": 320.2,
        "totalOtherIncomeExpenseNet": -24.9
      },
      {
        "costOfGoodsSold": 336.2,
        "depreciationAmortization": 49.9,
        "dilutedAverageSharesOutstanding": 194.5,
        "dilutedEPS": 0.13,
        "ebit": 480.3,
        "grossIncome": 829.3,
        "interestExpense": 50,
        "interestIncomeExpense": -45.7,
        "minorityInterest": -3,
        "netIncome": 25.5,
        "netIncomeAfterTaxes": 274.1,
        "nonRecurringItems": -5.8,
        "period": "2017-12-31",
        "pretaxIncome": 407.7,
        "provisionforIncomeTaxes": 133.6,
        "revenue": 1165.5,
        "sgaExpense": 299.1,
        "totalOperatingExpense": 349,
        "totalOtherIncomeExpenseNet": -21.1
      },
      {
        "costOfGoodsSold": 317.2,
        "depreciationAmortization": 43,
        "dilutedAverageSharesOutstanding": 194.1,
        "dilutedEPS": 1.63,
        "ebit": 455.5,
        "grossIncome": 745.7,
        "interestExpense": 48.5,
        "interestIncomeExpense": 21.7,
        "minorityInterest": -2.4,
        "netIncome": 317.3,
        "netIncomeAfterTaxes": 319.7,
        "nonRecurringItems": -10.1,
        "period": "2017-09-30",
        "pretaxIncome": 465.8,
        "provisionforIncomeTaxes": 146.1,
        "revenue": 1062.9,
        "sgaExpense": 247.2,
        "totalOperatingExpense": 290.2,
        "totalOtherIncomeExpenseNet": -1.3
      },
      {
        "costOfGoodsSold": 284.8,
        "depreciationAmortization": 32.9,
        "dilutedAverageSharesOutstanding": 193.8,
        "dilutedEPS": 1.61,
        "ebit": 466.7,
        "grossIncome": 715.7,
        "interestExpense": 46.2,
        "interestIncomeExpense": 7.4,
        "minorityInterest": -1.4,
        "netIncome": 312.2,
        "netIncomeAfterTaxes": 313.6,
        "nonRecurringItems": -6.6,
        "period": "2017-06-30",
        "pretaxIncome": 462,
        "provisionforIncomeTaxes": 148.4,
        "revenue": 1000.5,
        "sgaExpense": 216.1,
        "totalOperatingExpense": 249,
        "totalOtherIncomeExpenseNet": -5.5
      },
      {
        "costOfGoodsSold": 275.3,
        "depreciationAmortization": 32.5,
        "dilutedAverageSharesOutstanding": 194.3,
        "dilutedEPS": 1.78,
        "ebit": 446.7,
        "grossIncome": 699.9,
        "interestExpense": 44.4,
        "interestIncomeExpense": -48.9,
        "minorityInterest": -0.3,
        "netIncome": 345.6,
        "netIncomeAfterTaxes": 345.9,
        "nonRecurringItems": 59.7,
        "period": "2017-03-31",
        "pretaxIncome": 451.3,
        "provisionforIncomeTaxes": 105.4,
        "revenue": 975.2,
        "sgaExpense": 220.7,
        "totalOperatingExpense": 253.2,
        "totalOtherIncomeExpenseNet": -6.2
      },
      {
        "costOfGoodsSold": 265.3,
        "depreciationAmortization": 32.9,
        "dilutedAverageSharesOutstanding": 190.9,
        "dilutedEPS": -2.25,
        "ebit": 390.7,
        "grossIncome": 676.8,
        "interestExpense": 47.1,
        "interestIncomeExpense": 12,
        "minorityInterest": -3.1,
        "netIncome": -428.6,
        "netIncomeAfterTaxes": -425.5,
        "nonRecurringItems": -863.8,
        "period": "2016-12-31",
        "pretaxIncome": -465.5,
        "provisionforIncomeTaxes": -40,
        "revenue": 942.1,
        "sgaExpense": 253.2,
        "totalOperatingExpense": 286.1,
        "totalOtherIncomeExpenseNet": -4.4
      },
      {
        "costOfGoodsSold": 253.2,
        "depreciationAmortization": 32.7,
        "dilutedAverageSharesOutstanding": 194.3,
        "dilutedEPS": 1.31,
        "ebit": 405.9,
        "grossIncome": 663.9,
        "interestExpense": 35.6,
        "interestIncomeExpense": -26.5,
        "minorityInterest": -1.3,
        "netIncome": 255.3,
        "netIncomeAfterTaxes": 256.6,
        "nonRecurringItems": -8.4,
        "period": "2016-09-30",
        "pretaxIncome": 369,
        "provisionforIncomeTaxes": 112.4,
        "revenue": 917.1,
        "sgaExpense": 225.3,
        "totalOperatingExpense": 258,
        "totalOtherIncomeExpenseNet": -2
      },
      {
        "costOfGoodsSold": 258.9,
        "depreciationAmortization": 31.2,
        "dilutedAverageSharesOutstanding": 195.8,
        "dilutedEPS": 1.3,
        "ebit": 410.2,
        "grossIncome": 670,
        "interestExpense": 35.4,
        "interestIncomeExpense": -28.8,
        "minorityInterest": -2.6,
        "netIncome": 255.5,
        "netIncomeAfterTaxes": 258.1,
        "period": "2016-06-30",
        "pretaxIncome": 378.9,
        "provisionforIncomeTaxes": 120.8,
        "revenue": 928.9,
        "sgaExpense": 228.6,
        "totalOperatingExpense": 259.8,
        "totalOtherIncomeExpenseNet": -2.5
      },
      {
        "costOfGoodsSold": 249.2,
        "depreciationAmortization": 29.9,
        "dilutedAverageSharesOutstanding": 197.9,
        "dilutedEPS": 0.93,
        "ebit": 304.1,
        "grossIncome": 566.9,
        "interestExpense": 34.2,
        "interestIncomeExpense": -25.4,
        "minorityInterest": -2.2,
        "netIncome": 184.4,
        "netIncomeAfterTaxes": 186.6,
        "period": "2016-03-31",
        "pretaxIncome": 275.6,
        "provisionforIncomeTaxes": 89,
        "revenue": 816.1,
        "sgaExpense": 232.9,
        "totalOperatingExpense": 262.8,
        "totalOtherIncomeExpenseNet": -3.1
      },
      {
        "costOfGoodsSold": 251.9,
        "depreciationAmortization": 28.7,
        "dilutedAverageSharesOutstanding": 200.1,
        "dilutedEPS": 1.09,
        "ebit": 333.1,
        "grossIncome": 614,
        "interestExpense": 35.5,
        "interestIncomeExpense": -22.5,
        "minorityInterest": -2.5,
        "netIncome": 217.9,
        "netIncomeAfterTaxes": 220.4,
        "nonRecurringItems": 0,
        "period": "2015-12-31",
        "pretaxIncome": 312.3,
        "provisionforIncomeTaxes": 91.9,
        "revenue": 865.9,
        "sgaExpense": 252.2,
        "totalOperatingExpense": 280.9,
        "totalOtherIncomeExpenseNet": 1.7
      },
      {
        "costOfGoodsSold": 236.1,
        "depreciationAmortization": 28.3,
        "dilutedAverageSharesOutstanding": 202.5,
        "dilutedEPS": 1.14,
        "ebit": 349.7,
        "grossIncome": 598.8,
        "interestExpense": 33.6,
        "interestIncomeExpense": -13.7,
        "minorityInterest": -2.2,
        "netIncome": 231.6,
        "netIncomeAfterTaxes": 233.8,
        "nonRecurringItems": 0,
        "period": "2015-09-30",
        "pretaxIncome": 343.6,
        "provisionforIncomeTaxes": 109.8,
        "revenue": 834.9,
        "sgaExpense": 220.8,
        "totalOperatingExpense": 249.1,
        "totalOtherIncomeExpenseNet": 7.6
      }
    ],
    "symbol": "MCO"
  }
}