{
  "symbol": "MCO",
  "statement": "ic",
  "frequency": "annual",
  "timestamp": "2025-09-19T14:04:18.680847",
  "data": {
    "financials": [
      {
        "costOfGoodsSold": 1945,
        "depreciationAmortization": 431,
        "dilutedAverageSharesOutstanding": 182.7,
        "dilutedEPS": 11.26,
        "ebit": 2977,
        "grossIncome": 5143,
        "interestExpense": 300,
        "interestIncomeExpense": -163,
        "minorityInterest": -1,
        "netIncome": 2058,
        "netIncomeAfterTaxes": 2071,
        "nonRecurringItems": -102,
        "period": "2024-12-31",
        "pretaxIncome": 2699,
        "provisionforIncomeTaxes": 628,
        "revenue": 7088,
        "sgaExpense": 1735,
        "totalOperatingExpense": 2166,
        "totalOtherIncomeExpenseNet": -13,
        "year": 2024
      },
      {
        "costOfGoodsSold": 1687,
        "depreciationAmortization": 373,
        "dilutedAverageSharesOutstanding": 184,
        "dilutedEPS": 8.73,
        "ebit": 2224,
        "grossIncome": 4229,
        "interestExpense": 296,
        "interestIncomeExpense": -230,
        "minorityInterest": -1,
        "netIncome": 1607,
        "netIncomeAfterTaxes": 1623,
        "nonRecurringItems": -87,
        "period": "2023-12-31",
        "pretaxIncome": 1935,
        "provisionforIncomeTaxes": 312,
        "revenue": 5916,
        "sgaExpense": 1632,
        "totalOperatingExpense": 2005,
        "totalOtherIncomeExpenseNet": 28,
        "year": 2023
      },
      {
        "costOfGoodsSold": 1613,
        "depreciationAmortization": 331,
        "dilutedAverageSharesOutstanding": 184.7,
        "dilutedEPS": 7.43,
        "ebit": 1997,
        "grossIncome": 3855,
        "interestExpense": 216,
        "interestIncomeExpense": -194,
        "minorityInterest": 0,
        "netIncome": 1374,
        "netIncomeAfterTaxes": 1422,
        "nonRecurringItems": -44,
        "period": "2022-12-31",
        "pretaxIncome": 1760,
        "provisionforIncomeTaxes": 338,
        "revenue": 5468,
        "sgaExpense": 1527,
        "totalOperatingExpense": 1858,
        "totalOtherIncomeExpenseNet": 1,
        "year": 2022
      },
      {
        "costOfGoodsSold": 1637,
        "depreciationAmortization": 257,
        "dilutedAverageSharesOutstanding": 187.9,
        "dilutedEPS": 11.78,
        "ebit": 2844,
        "grossIncome": 4581,
        "interestExpense": 185,
        "interestIncomeExpense": -130,
        "minorityInterest": 0,
        "netIncome": 2214,
        "netIncomeAfterTaxes": 2214,
        "nonRecurringItems": 0,
        "period": "2021-12-31",
        "pretaxIncome": 2755,
        "provisionforIncomeTaxes": 541,
        "revenue": 6218,
        "sgaExpense": 1480,
        "totalOperatingExpense": 1737,
        "totalOtherIncomeExpenseNet": 41,
        "year": 2021
      },
      {
        "costOfGoodsSold": 1475,
        "depreciationAmortization": 220,
        "dilutedAverageSharesOutstanding": 189.3,
        "dilutedEPS": 9.39,
        "ebit": 2447,
        "grossIncome": 3896,
        "interestExpense": 163,
        "interestIncomeExpense": -144,
        "minorityInterest": 1,
        "netIncome": 1778,
        "netIncomeAfterTaxes": 1777,
        "nonRecurringItems": -59,
        "period": "2020-12-31",
        "pretaxIncome": 2229,
        "provisionforIncomeTaxes": 452,
        "revenue": 5371,
        "sgaExpense": 1229,
        "totalOperatingExpense": 1449,
        "totalOtherIncomeExpenseNet": -15,
        "year": 2020
      },
      {
        "costOfGoodsSold": 1387,
        "depreciationAmortization": 200,
        "dilutedAverageSharesOutstanding": 191.6,
        "dilutedEPS": 7.42,
        "ebit": 2075,
        "grossIncome": 3442,
        "interestExpense": 175,
        "interestIncomeExpense": -174,
        "minorityInterest": -7,
        "netIncome": 1422,
        "netIncomeAfterTaxes": 1429,
        "nonRecurringItems": -77,
        "period": "2019-12-31",
        "pretaxIncome": 1810,
        "provisionforIncomeTaxes": 381,
        "revenue": 4829,
        "sgaExpense": 1167,
        "totalOperatingExpense": 1367,
        "totalOtherIncomeExpenseNet": -14,
        "year": 2019
      },
      {
        "costOfGoodsSold": 1245.5,
        "depreciationAmortization": 191.9,
        "dilutedAverageSharesOutstanding": 194.4,
        "dilutedEPS": 6.73,
        "ebit": 1925.2,
        "grossIncome": 3197.2,
        "interestExpense": 196.2,
        "interestIncomeExpense": -231.2,
        "minorityInterest": -9.8,
        "netIncome": 1309.6,
        "netIncomeAfterTaxes": 1260.4,
        "nonRecurringItems": -57,
        "period": "2018-12-31",
        "pretaxIncome": 1671,
        "provisionforIncomeTaxes": 410.6,
        "revenue": 4442.7,
        "sgaExpense": 1080.1,
        "totalOperatingExpense": 1272,
        "totalOtherIncomeExpenseNet": 34,
        "year": 2018
      },
      {
        "costOfGoodsSold": 1216.6,
        "depreciationAmortization": 158.3,
        "dilutedAverageSharesOutstanding": 194.2,
        "dilutedEPS": 5.15,
        "ebit": 1843.3,
        "grossIncome": 2987.5,
        "interestExpense": 195.8,
        "interestIncomeExpense": -44,
        "minorityInterest": -7.1,
        "netIncome": 1000.6,
        "netIncomeAfterTaxes": 1253.3,
        "nonRecurringItems": 37.2,
        "period": "2017-12-31",
        "pretaxIncome": 1786.8,
        "provisionforIncomeTaxes": 533.5,
        "revenue": 4204.1,
        "sgaExpense": 985.9,
        "totalOperatingExpense": 1144.2,
        "totalOtherIncomeExpenseNet": -49.7,
        "year": 2017
      },
      {
        "costOfGoodsSold": 1019.6,
        "depreciationAmortization": 126.7,
        "dilutedAverageSharesOutstanding": 195.4,
        "dilutedEPS": 1.36,
        "ebit": 1526.7,
        "grossIncome": 2584.6,
        "interestExpense": 137.4,
        "interestIncomeExpense": -75.9,
        "minorityInterest": -9.2,
        "netIncome": 266.6,
        "netIncomeAfterTaxes": 275.8,
        "nonRecurringItems": -875.8,
        "period": "2016-12-31",
        "pretaxIncome": 558,
        "provisionforIncomeTaxes": 282.2,
        "revenue": 3604.2,
        "sgaExpense": 931.2,
        "totalOperatingExpense": 1057.9,
        "totalOtherIncomeExpenseNet": -17,
        "year": 2016
      },
      {
        "costOfGoodsSold": 976.3,
        "depreciationAmortization": 113.5,
        "dilutedAverageSharesOutstanding": 203.4,
        "dilutedEPS": 4.63,
        "ebit": 1473.4,
        "grossIncome": 2508.2,
        "interestExpense": 135.4,
        "interestIncomeExpense": -109.4,
        "minorityInterest": -8.3,
        "netIncome": 941.3,
        "netIncomeAfterTaxes": 949.6,
        "nonRecurringItems": 0,
        "period": "2015-12-31",
        "pretaxIncome": 1379.6,
        "provisionforIncomeTaxes": 430,
        "revenue": 3484.5,
        "sgaExpense": 921.3,
        "totalOperatingExpense": 1034.8,
        "totalOtherIncomeExpenseNet": 15.6,
        "year": 2015
      }
    ],
    "symbol": "MCO"
  }
}