{
  "symbol": "PWR",
  "statement": "ic",
  "frequency": "quarterly",
  "timestamp": "2025-09-19T14:05:57.241740",
  "data": {
    "financials": [
      {
        "costOfGoodsSold": 5765.433,
        "depreciationAmortization": 113.178,
        "dilutedAverageSharesOutstanding": 150.923,
        "dilutedEPS": 1.519,
        "ebit": 355.838,
        "grossIncome": 1007.574,
        "interestExpense": 59.579,
        "interestIncomeExpense": -41.852,
        "minorityInterest": -4.273,
        "netIncome": 229.25,
        "netIncomeAfterTaxes": 233.523,
        "otherOperatingExpensesTotal": 10.203,
        "period": "2025-06-30",
        "pretaxIncome": 318.623,
        "provisionforIncomeTaxes": 85.1,
        "revenue": 6773.007,
        "sgaExpense": 528.355,
        "totalOperatingExpense": 651.736,
        "totalOtherIncomeExpenseNet": 4.637
      },
      {
        "costOfGoodsSold": 5399.297,
        "depreciationAmortization": 109.562,
        "dilutedAverageSharesOutstanding": 150.964,
        "dilutedEPS": 0.9556,
        "ebit": 226.152,
        "grossIncome": 834.037,
        "interestExpense": 54.312,
        "interestIncomeExpense": -37.46,
        "minorityInterest": -4.711,
        "netIncome": 144.258,
        "netIncomeAfterTaxes": 148.969,
        "otherOperatingExpensesTotal": 4.357,
        "period": "2025-03-31",
        "pretaxIncome": 188.849,
        "provisionforIncomeTaxes": 39.88,
        "revenue": 6233.334,
        "sgaExpense": 493.966,
        "totalOperatingExpense": 607.885,
        "totalOtherIncomeExpenseNet": 0.157
      },
      {
        "costOfGoodsSold": 5490.056,
        "depreciationAmortization": 115.812,
        "dilutedAverageSharesOutstanding": 150.491,
        "dilutedEPS": 2.03,
        "ebit": 437.174,
        "grossIncome": 1063.366,
        "interestExpense": 56.344,
        "interestIncomeExpense": -27.208,
        "minorityInterest": -5.167,
        "netIncome": 305.12,
        "netIncomeAfterTaxes": 310.287,
        "nonRecurringItems": 0,
        "otherOperatingExpensesTotal": 4.2,
        "period": "2024-12-31",
        "pretaxIncome": 416.318,
        "provisionforIncomeTaxes": 106.031,
        "revenue": 6553.422,
        "sgaExpense": 506.18,
        "totalOperatingExpense": 626.192,
        "totalOtherIncomeExpenseNet": 6.352
      },
      {
        "costOfGoodsSold": 5480.597,
        "depreciationAmortization": 110.422,
        "dilutedAverageSharesOutstanding": 150.556,
        "dilutedEPS": 1.95,
        "ebit": 417.146,
        "grossIncome": 1012.57,
        "interestExpense": 59.95,
        "interestIncomeExpense": -39.36,
        "minorityInterest": -5.836,
        "netIncome": 293.185,
        "netIncomeAfterTaxes": 299.021,
        "otherOperatingExpensesTotal": 1.124,
        "period": "2024-09-30",
        "pretaxIncome": 381.442,
        "provisionforIncomeTaxes": 82.421,
        "revenue": 6493.167,
        "sgaExpense": 483.878,
        "totalOperatingExpense": 595.424,
        "totalOtherIncomeExpenseNet": 3.656
      },
      {
        "costOfGoodsSold": 4783.056,
        "depreciationAmortization": 79.214,
        "dilutedAverageSharesOutstanding": 149.788,
        "dilutedEPS": 1.26,
        "ebit": 298.644,
        "grossIncome": 811.331,
        "interestExpense": 45.321,
        "interestIncomeExpense": -33.466,
        "minorityInterest": -3.725,
        "netIncome": 188.159,
        "netIncomeAfterTaxes": 191.884,
        "otherOperatingExpensesTotal": 1.117,
        "period": "2024-06-30",
        "pretaxIncome": 267.083,
        "provisionforIncomeTaxes": 75.199,
        "revenue": 5594.387,
        "sgaExpense": 432.356,
        "totalOperatingExpense": 512.687,
        "totalOtherIncomeExpenseNet": 1.905
      },
      {
        "costOfGoodsSold": 4408.325,
        "depreciationAmortization": 77.511,
        "dilutedAverageSharesOutstanding": 149.35,
        "dilutedEPS": 0.79,
        "ebit": 143.02,
        "grossIncome": 623.494,
        "interestExpense": 41.072,
        "interestIncomeExpense": -24.135,
        "minorityInterest": -7.731,
        "netIncome": 118.36,
        "netIncomeAfterTaxes": 126.091,
        "otherOperatingExpensesTotal": 0.623,
        "period": "2024-03-31",
        "pretaxIncome": 147.187,
        "provisionforIncomeTaxes": 21.096,
        "revenue": 5031.819,
        "sgaExpense": 402.34,
        "totalOperatingExpense": 480.474,
        "totalOtherIncomeExpenseNet": 28.302
      },
      {
        "costOfGoodsSold": 4991.48,
        "depreciationAmortization": 75.225,
        "dilutedAverageSharesOutstanding": 149.045,
        "dilutedEPS": 1.42,
        "ebit": 311.602,
        "grossIncome": 792.468,
        "interestExpense": 49.5,
        "interestIncomeExpense": -32.715,
        "minorityInterest": -2.702,
        "netIncome": 210.908,
        "netIncomeAfterTaxes": 213.61,
        "nonRecurringItems": 0,
        "otherOperatingExpensesTotal": 5.765,
        "period": "2023-12-31",
        "pretaxIncome": 289.409,
        "provisionforIncomeTaxes": 75.799,
        "revenue": 5783.948,
        "sgaExpense": 399.876,
        "totalOperatingExpense": 480.866,
        "totalOtherIncomeExpenseNet": 10.522
      },
      {
        "costOfGoodsSold": 4773.498,
        "depreciationAmortization": 71.361,
        "dilutedAverageSharesOutstanding": 148.792,
        "dilutedEPS": 1.83,
        "ebit": 388.622,
        "grossIncome": 847.324,
        "interestExpense": 47.531,
        "interestIncomeExpense": -33.831,
        "minorityInterest": -0.689,
        "netIncome": 272.836,
        "netIncomeAfterTaxes": 273.525,
        "nonRecurringItems": 0,
        "otherOperatingExpensesTotal": 0.803,
        "period": "2023-09-30",
        "pretaxIncome": 351.047,
        "provisionforIncomeTaxes": 77.522,
        "revenue": 5620.822,
        "sgaExpense": 386.538,
        "totalOperatingExpense": 458.702,
        "totalOtherIncomeExpenseNet": -3.744
      },
      {
        "costOfGoodsSold": 4324.511,
        "depreciationAmortization": 70.025,
        "dilutedAverageSharesOutstanding": 148.773,
        "dilutedEPS": 1.12,
        "ebit": 269.903,
        "grossIncome": 724.099,
        "interestExpense": 48.189,
        "interestIncomeExpense": -36.697,
        "minorityInterest": -0.685,
        "netIncome": 165.899,
        "netIncomeAfterTaxes": 166.584,
        "nonRecurringItems": 0,
        "otherOperatingExpensesTotal": 0,
        "period": "2023-06-30",
        "pretaxIncome": 235.951,
        "provisionforIncomeTaxes": 69.367,
        "revenue": 5048.61,
        "sgaExpense": 384.171,
        "totalOperatingExpense": 454.196,
        "totalOtherIncomeExpenseNet": 2.745
      },
      {
        "costOfGoodsSold": 3855.631,
        "depreciationAmortization": 72.403,
        "dilutedAverageSharesOutstanding": 148.661,
        "dilutedEPS": 0.64,
        "ebit": 116.24,
        "grossIncome": 573.195,
        "interestExpense": 41.693,
        "interestIncomeExpense": -29.735,
        "minorityInterest": -1.924,
        "netIncome": 95.046,
        "netIncomeAfterTaxes": 96.97,
        "otherOperatingExpensesTotal": 0,
        "period": "2023-03-31",
        "pretaxIncome": 93.549,
        "provisionforIncomeTaxes": -3.421,
        "revenue": 4428.826,
        "sgaExpense": 384.552,
        "totalOperatingExpense": 456.955,
        "totalOtherIncomeExpenseNet": 7.044
      },
      {
        "costOfGoodsSold": 3749.054,
        "depreciationAmortization": 63.13,
        "dilutedAverageSharesOutstanding": 147.68,
        "dilutedEPS": 1.1,
        "ebit": 262.936,
        "grossIncome": 667.564,
        "interestExpense": 37.43,
        "interestIncomeExpense": -26.9,
        "minorityInterest": -11.567,
        "netIncome": 162.572,
        "netIncomeAfterTaxes": 174.139,
        "nonRecurringItems": -11.657,
        "otherOperatingExpensesTotal": 0.368,
        "period": "2022-12-31",
        "pretaxIncome": 245.684,
        "provisionforIncomeTaxes": 71.545,
        "revenue": 4416.618,
        "sgaExpense": 341.13,
        "totalOperatingExpense": 404.628,
        "totalOtherIncomeExpenseNet": 21.305
      },
      {
        "costOfGoodsSold": 3770.927,
        "depreciationAmortization": 67.147,
        "dilutedAverageSharesOutstanding": 147.678,
        "dilutedEPS": 1.06,
        "ebit": 276.158,
        "grossIncome": 688.83,
        "interestExpense": 33.566,
        "interestIncomeExpense": -48.959,
        "minorityInterest": -0.36,
        "netIncome": 155.956,
        "netIncomeAfterTaxes": 156.316,
        "nonRecurringItems": 0,
        "otherOperatingExpensesTotal": -1.924,
        "period": "2022-09-30",
        "pretaxIncome": 229.206,
        "provisionforIncomeTaxes": 72.89,
        "revenue": 4459.757,
        "sgaExpense": 347.449,
        "totalOperatingExpense": 412.672,
        "totalOtherIncomeExpenseNet": 2.007
      },
      {
        "costOfGoodsSold": 3607.413,
        "depreciationAmortization": 107.945,
        "dilutedAverageSharesOutstanding": 148.211,
        "dilutedEPS": 0.59,
        "ebit": 192.591,
        "grossIncome": 624.59,
        "interestExpense": 28.639,
        "interestIncomeExpense": -51.506,
        "minorityInterest": -8.14,
        "netIncome": 88.02,
        "netIncomeAfterTaxes": 96.16,
        "nonRecurringItems": -2.8,
        "otherOperatingExpensesTotal": 0.809,
        "period": "2022-06-30",
        "pretaxIncome": 137.412,
        "provisionforIncomeTaxes": 41.252,
        "revenue": 4232.003,
        "sgaExpense": 323.245,
        "totalOperatingExpense": 431.999,
        "totalOtherIncomeExpenseNet": -0.873
      },
      {
        "costOfGoodsSold": 3417.354,
        "depreciationAmortization": 115.751,
        "dilutedAverageSharesOutstanding": 148.082,
        "dilutedEPS": 0.57,
        "ebit": 102.364,
        "grossIncome": 548.171,
        "interestExpense": 24.728,
        "interestIncomeExpense": -11.204,
        "minorityInterest": -0.387,
        "netIncome": 84.641,
        "netIncomeAfterTaxes": 85.028,
        "otherOperatingExpensesTotal": 5.169,
        "period": "2022-03-31",
        "pretaxIncome": 91.584,
        "provisionforIncomeTaxes": 6.556,
        "revenue": 3965.525,
        "sgaExpense": 324.887,
        "totalOperatingExpense": 445.807,
        "totalOtherIncomeExpenseNet": 0.424
      },
      {
        "costOfGoodsSold": 3325.556,
        "depreciationAmortization": 99.948,
        "dilutedAverageSharesOutstanding": 148.148,
        "dilutedEPS": 0.71,
        "ebit": 122.292,
        "grossIncome": 597.982,
        "interestExpense": 26.056,
        "interestIncomeExpense": -4.764,
        "minorityInterest": -1.498,
        "netIncome": 104.797,
        "netIncomeAfterTaxes": 106.295,
        "nonRecurringItems": -3.424,
        "otherOperatingExpensesTotal": 8.094,
        "period": "2021-12-31",
        "pretaxIncome": 120.957,
        "provisionforIncomeTaxes": 14.662,
        "revenue": 3923.538,
        "sgaExpense": 367.648,
        "totalOperatingExpense": 475.69,
        "totalOtherIncomeExpenseNet": 6.853
      },
      {
        "costOfGoodsSold": 2818.602,
        "depreciationAmortization": 22.772,
        "dilutedAverageSharesOutstanding": 144.304,
        "dilutedEPS": 1.21,
        "ebit": 237.845,
        "grossIncome": 534.676,
        "interestExpense": 17.259,
        "interestIncomeExpense": -6.955,
        "minorityInterest": -1.033,
        "netIncome": 174.365,
        "netIncomeAfterTaxes": 175.398,
        "nonRecurringItems": 0,
        "otherOperatingExpensesTotal": -0.787,
        "period": "2021-09-30",
        "pretaxIncome": 236.979,
        "provisionforIncomeTaxes": 61.581,
        "revenue": 3353.278,
        "sgaExpense": 274.846,
        "totalOperatingExpense": 296.831,
        "totalOtherIncomeExpenseNet": 6.089
      },
      {
        "costOfGoodsSold": 2552.105,
        "depreciationAmortization": 21.291,
        "dilutedAverageSharesOutstanding": 144.607,
        "dilutedEPS": 0.81,
        "ebit": 156.52,
        "grossIncome": 447.711,
        "interestExpense": 13.109,
        "interestIncomeExpense": -2.75,
        "minorityInterest": -1.938,
        "netIncome": 117.033,
        "netIncomeAfterTaxes": 118.971,
        "nonRecurringItems": -2.319,
        "otherOperatingExpensesTotal": -0.21,
        "period": "2021-06-30",
        "pretaxIncome": 159.922,
        "provisionforIncomeTaxes": 40.951,
        "revenue": 2999.816,
        "sgaExpense": 270.11,
        "totalOperatingExpense": 291.191,
        "totalOtherIncomeExpenseNet": 8.471
      },
      {
        "costOfGoodsSold": 2330.691,
        "depreciationAmortization": 21.355,
        "dilutedAverageSharesOutstanding": 144.447,
        "dilutedEPS": 0.62,
        "ebit": 108.546,
        "grossIncome": 372.89,
        "interestExpense": 12.475,
        "interestIncomeExpense": -7.175,
        "minorityInterest": -1.558,
        "netIncome": 89.761,
        "netIncomeAfterTaxes": 91.319,
        "otherOperatingExpensesTotal": -0.363,
        "period": "2021-03-31",
        "pretaxIncome": 105.043,
        "provisionforIncomeTaxes": 13.724,
        "revenue": 2703.581,
        "sgaExpense": 243.352,
        "totalOperatingExpense": 264.344,
        "totalOtherIncomeExpenseNet": 3.672
      },
      {
        "costOfGoodsSold": 2446.312,
        "depreciationAmortization": 21.33,
        "dilutedAverageSharesOutstanding": 146.033,
        "dilutedEPS": 1.16,
        "ebit": 164.447,
        "grossIncome": 465.873,
        "interestExpense": 11.304,
        "interestIncomeExpense": -4.831,
        "minorityInterest": -1.91,
        "netIncome": 170.051,
        "netIncomeAfterTaxes": 171.961,
        "nonRecurringItems": 5.918,
        "otherOperatingExpensesTotal": 0.121,
        "period": "2020-12-31",
        "pretaxIncome": 171.722,
        "provisionforIncomeTaxes": -0.239,
        "revenue": 2912.185,
        "sgaExpense": 279.975,
        "totalOperatingExpense": 301.426,
        "totalOtherIncomeExpenseNet": 6.188
      },
      {
        "costOfGoodsSold": 2512.647,
        "depreciationAmortization": 19.687,
        "dilutedAverageSharesOutstanding": 144.363,
        "dilutedEPS": 1.13,
        "ebit": 235.895,
        "grossIncome": 507.514,
        "interestExpense": 11.049,
        "interestIncomeExpense": -5.849,
        "minorityInterest": -0.787,
        "netIncome": 162.913,
        "netIncomeAfterTaxes": 163.7,
        "nonRecurringItems": 0.6,
        "otherOperatingExpensesTotal": 0.078,
        "period": "2020-09-30",
        "pretaxIncome": 234.177,
        "provisionforIncomeTaxes": 70.477,
        "revenue": 3020.161,
        "sgaExpense": 251.854,
        "totalOperatingExpense": 271.619,
        "totalOtherIncomeExpenseNet": 3.531
      },
      {
        "costOfGoodsSold": 2150.967,
        "depreciationAmortization": 17.779,
        "dilutedAverageSharesOutstanding": 143.521,
        "dilutedEPS": 0.52,
        "ebit": 105.171,
        "grossIncome": 355.264,
        "interestExpense": 8.654,
        "interestIncomeExpense": -7.334,
        "minorityInterest": -0.849,
        "netIncome": 73.946,
        "netIncomeAfterTaxes": 74.795,
        "nonRecurringItems": -2,
        "otherOperatingExpensesTotal": -2.238,
        "period": "2020-06-30",
        "pretaxIncome": 107.784,
        "provisionforIncomeTaxes": 32.989,
        "revenue": 2506.231,
        "sgaExpense": 234.552,
        "totalOperatingExpense": 250.093,
        "totalOtherIncomeExpenseNet": 11.947
      },
      {
        "costOfGoodsSold": 2431.899,
        "depreciationAmortization": 17.908,
        "dilutedAverageSharesOutstanding": 146.787,
        "dilutedEPS": 0.26,
        "ebit": 80.737,
        "grossIncome": 332.196,
        "interestExpense": 14.006,
        "interestIncomeExpense": -13.247,
        "minorityInterest": -2.817,
        "netIncome": 38.686,
        "netIncomeAfterTaxes": 41.503,
        "otherOperatingExpensesTotal": 2.758,
        "period": "2020-03-31",
        "pretaxIncome": 57.663,
        "provisionforIncomeTaxes": 16.16,
        "revenue": 2764.095,
        "sgaExpense": 230.793,
        "totalOperatingExpense": 251.459,
        "totalOtherIncomeExpenseNet": -9.827
      },
      {
        "costOfGoodsSold": 2669.479,
        "depreciationAmortization": 21.547,
        "dilutedAverageSharesOutstanding": 148.914,
        "dilutedEPS": 0.79,
        "ebit": 161.305,
        "grossIncome": 443.321,
        "interestExpense": 18.824,
        "interestIncomeExpense": -18.659,
        "minorityInterest": -2.155,
        "netIncome": 118.144,
        "netIncomeAfterTaxes": 120.299,
        "nonRecurringItems": -13.892,
        "otherOperatingExpensesTotal": 5.34,
        "period": "2019-12-31",
        "pretaxIncome": 145.933,
        "provisionforIncomeTaxes": 25.634,
        "revenue": 3112.8,
        "sgaExpense": 255.129,
        "totalOperatingExpense": 282.016,
        "totalOtherIncomeExpenseNet": 17.179
      },
      {
        "costOfGoodsSold": 2879.45,
        "depreciationAmortization": 15.264,
        "dilutedAverageSharesOutstanding": 147.438,
        "dilutedEPS": 0.92,
        "ebit": 209.394,
        "grossIncome": 473.445,
        "interestExpense": 18.369,
        "interestIncomeExpense": -18.183,
        "minorityInterest": -0.954,
        "netIncome": 136.068,
        "netIncomeAfterTaxes": 137.022,
        "otherOperatingExpensesTotal": 3.777,
        "period": "2019-09-30",
        "pretaxIncome": 191.928,
        "provisionforIncomeTaxes": 54.906,
        "revenue": 3352.895,
        "sgaExpense": 245.01,
        "totalOperatingExpense": 264.051,
        "totalOtherIncomeExpenseNet": 0.717
      },
      {
        "costOfGoodsSold": 2519.694,
        "depreciationAmortization": 12.61,
        "dilutedAverageSharesOutstanding": 147.241,
        "dilutedEPS": 0.19,
        "ebit": 78.58,
        "grossIncome": 319.505,
        "interestExpense": 15.821,
        "interestIncomeExpense": -15.554,
        "minorityInterest": -1.115,
        "netIncome": 27.344,
        "netIncomeAfterTaxes": 28.459,
        "otherOperatingExpensesTotal": 4.371,
        "period": "2019-06-30",
        "pretaxIncome": 69.547,
        "provisionforIncomeTaxes": 41.088,
        "revenue": 2839.199,
        "sgaExpense": 223.944,
        "totalOperatingExpense": 240.925,
        "totalOtherIncomeExpenseNet": 6.521
      },
      {
        "costOfGoodsSold": 2443.278,
        "depreciationAmortization": 12.67,
        "dilutedAverageSharesOutstanding": 146.458,
        "dilutedEPS": 0.82,
        "ebit": 119.487,
        "grossIncome": 363.981,
        "interestExpense": 13.876,
        "interestIncomeExpense": -13.567,
        "minorityInterest": -0.547,
        "netIncome": 120.488,
        "netIncomeAfterTaxes": 121.035,
        "otherOperatingExpensesTotal": -0.084,
        "period": "2019-03-31",
        "pretaxIncome": 164.879,
        "provisionforIncomeTaxes": 43.844,
        "revenue": 2807.259,
        "sgaExpense": 231.908,
        "totalOperatingExpense": 244.494,
        "totalOtherIncomeExpenseNet": 58.959
      },
      {
        "costOfGoodsSold": 2692.503,
        "depreciationAmortization": 12.459,
        "dilutedAverageSharesOutstanding": 151.31,
        "dilutedEPS": 0.37,
        "ebit": 198.823,
        "grossIncome": 419.715,
        "interestExpense": 11.77,
        "interestIncomeExpense": -11.343,
        "minorityInterest": -0.975,
        "netIncome": 56.816,
        "netIncomeAfterTaxes": 51.496,
        "nonRecurringItems": -49.375,
        "otherOperatingExpensesTotal": -3.575,
        "period": "2018-12-31",
        "pretaxIncome": 128.791,
        "provisionforIncomeTaxes": 77.295,
        "revenue": 3112.218,
        "sgaExpense": 212.008,
        "totalOperatingExpense": 220.892,
        "totalOtherIncomeExpenseNet": -9.314
      },
      {
        "costOfGoodsSold": 2559.451,
        "depreciationAmortization": 10.623,
        "dilutedAverageSharesOutstanding": 153.687,
        "dilutedEPS": 0.81,
        "ebit": 192.561,
        "grossIncome": 425.83,
        "interestExpense": 9.219,
        "interestIncomeExpense": -8.897,
        "minorityInterest": -0.348,
        "netIncome": 124.551,
        "netIncomeAfterTaxes": 124.899,
        "otherOperatingExpensesTotal": -1.394,
        "period": "2018-09-30",
        "pretaxIncome": 168.166,
        "provisionforIncomeTaxes": 43.267,
        "revenue": 2985.281,
        "sgaExpense": 224.04,
        "totalOperatingExpense": 233.269,
        "totalOtherIncomeExpenseNet": -15.498
      },
      {
        "costOfGoodsSold": 2322.977,
        "depreciationAmortization": 10.507,
        "dilutedAverageSharesOutstanding": 154.595,
        "dilutedEPS": 0.48,
        "ebit": 123.039,
        "grossIncome": 333.371,
        "interestExpense": 9.178,
        "interestIncomeExpense": -8.518,
        "minorityInterest": -0.341,
        "netIncome": 74.365,
        "netIncomeAfterTaxes": 74.706,
        "otherOperatingExpensesTotal": -6.279,
        "period": "2018-06-30",
        "pretaxIncome": 104.095,
        "provisionforIncomeTaxes": 29.389,
        "revenue": 2656.348,
        "sgaExpense": 206.104,
        "totalOperatingExpense": 210.332,
        "totalOtherIncomeExpenseNet": -10.426
      },
      {
        "costOfGoodsSold": 2116.528,
        "depreciationAmortization": 10.405,
        "dilutedAverageSharesOutstanding": 157.556,
        "dilutedEPS": 0.24,
        "ebit": 75.221,
        "grossIncome": 301.048,
        "interestExpense": 6.778,
        "interestIncomeExpense": -6.632,
        "minorityInterest": -0.997,
        "netIncome": 37.614,
        "netIncomeAfterTaxes": 38.611,
        "period": "2018-03-31",
        "pretaxIncome": 56.614,
        "provisionforIncomeTaxes": 18.003,
        "revenue": 2417.576,
        "sgaExpense": 215.422,
        "totalOperatingExpense": 225.827,
        "totalOtherIncomeExpenseNet": -11.975
      },
      {
        "costOfGoodsSold": 2155.751,
        "depreciationAmortization": 10.17,
        "dilutedAverageSharesOutstanding": 161.232,
        "dilutedEPS": 0.7,
        "ebit": 111.613,
        "grossIncome": 322.876,
        "interestExpense": 6.652,
        "interestIncomeExpense": -6.467,
        "minorityInterest": -2.015,
        "netIncome": 113.561,
        "netIncomeAfterTaxes": 45.476,
        "nonRecurringItems": -58.057,
        "otherOperatingExpensesTotal": -5.171,
        "period": "2017-12-31",
        "pretaxIncome": 45.925,
        "provisionforIncomeTaxes": 0.449,
        "revenue": 2478.627,
        "sgaExpense": 206.264,
        "totalOperatingExpense": 211.263,
        "totalOtherIncomeExpenseNet": -1.164
      },
      {
        "costOfGoodsSold": 2258.676,
        "depreciationAmortization": 8.979,
        "dilutedAverageSharesOutstanding": 158.62,
        "dilutedEPS": 0.56,
        "ebit": 140.428,
        "grossIncome": 350.631,
        "interestExpense": 6.058,
        "interestIncomeExpense": -5.862,
        "minorityInterest": -0.536,
        "netIncome": 89.313,
        "netIncomeAfterTaxes": 89.849,
        "period": "2017-09-30",
        "pretaxIncome": 132.195,
        "provisionforIncomeTaxes": 42.346,
        "revenue": 2609.307,
        "sgaExpense": 201.224,
        "totalOperatingExpense": 210.203,
        "totalOtherIncomeExpenseNet": -2.371
      },
      {
        "costOfGoodsSold": 1898.209,
        "depreciationAmortization": 6.494,
        "dilutedAverageSharesOutstanding": 156.165,
        "dilutedEPS": 0.41,
        "ebit": 109.791,
        "grossIncome": 302.165,
        "interestExpense": 4.271,
        "interestIncomeExpense": -4.107,
        "minorityInterest": -0.523,
        "netIncome": 63.837,
        "netIncomeAfterTaxes": 64.36,
        "period": "2017-06-30",
        "pretaxIncome": 104.605,
        "provisionforIncomeTaxes": 40.245,
        "revenue": 2200.374,
        "sgaExpense": 185.88,
        "totalOperatingExpense": 192.374,
        "totalOtherIncomeExpenseNet": -1.079
      },
      {
        "costOfGoodsSold": 1911.982,
        "depreciationAmortization": 6.562,
        "dilutedAverageSharesOutstanding": 155.168,
        "dilutedEPS": 0.31,
        "ebit": 75.074,
        "grossIncome": 266.188,
        "interestExpense": 3.965,
        "interestIncomeExpense": -4.281,
        "minorityInterest": -0.173,
        "netIncome": 48.267,
        "netIncomeAfterTaxes": 48.44,
        "period": "2017-03-31",
        "pretaxIncome": 71.032,
        "provisionforIncomeTaxes": 22.592,
        "revenue": 2178.17,
        "sgaExpense": 184.552,
        "totalOperatingExpense": 191.114,
        "totalOtherIncomeExpenseNet": 0.239
      },
      {
        "costOfGoodsSold": 1795.278,
        "depreciationAmortization": 7.955,
        "dilutedAverageSharesOutstanding": 154.882,
        "dilutedEPS": 0.57,
        "ebit": 125.851,
        "grossIncome": 307.688,
        "interestExpense": 3.989,
        "interestIncomeExpense": -3.928,
        "minorityInterest": -0.775,
        "netIncome": 87.583,
        "netIncomeAfterTaxes": 89.305,
        "nonRecurringItems": -7.964,
        "period": "2016-12-31",
        "pretaxIncome": 113.897,
        "provisionforIncomeTaxes": 24.592,
        "revenue": 2102.966,
        "sgaExpense": 173.882,
        "totalOperatingExpense": 181.837,
        "totalOtherIncomeExpenseNet": -0.062
      },
      {
        "costOfGoodsSold": 1739.604,
        "depreciationAmortization": 8.094,
        "dilutedAverageSharesOutstanding": 155.024,
        "dilutedEPS": 0.47,
        "ebit": 130.163,
        "grossIncome": 302.582,
        "interestExpense": 3.726,
        "interestIncomeExpense": -2.941,
        "minorityInterest": -0.41,
        "netIncome": 73.742,
        "netIncomeAfterTaxes": 73.547,
        "period": "2016-09-30",
        "pretaxIncome": 128.063,
        "provisionforIncomeTaxes": 54.516,
        "revenue": 2042.186,
        "sgaExpense": 164.325,
        "totalOperatingExpense": 172.419,
        "totalOtherIncomeExpenseNet": 0.841
      },
      {
        "costOfGoodsSold": 1592.213,
        "depreciationAmortization": 8.141,
        "dilutedAverageSharesOutstanding": 156.13,
        "dilutedEPS": 0.11,
        "ebit": 35.469,
        "grossIncome": 200.217,
        "interestExpense": 3.583,
        "interestIncomeExpense": -3.32,
        "minorityInterest": -0.167,
        "netIncome": 16.562,
        "netIncomeAfterTaxes": 16.729,
        "period": "2016-06-30",
        "pretaxIncome": 31.424,
        "provisionforIncomeTaxes": 14.695,
        "revenue": 1792.43,
        "sgaExpense": 156.607,
        "totalOperatingExpense": 164.748,
        "totalOtherIncomeExpenseNet": -0.725
      },
      {
        "costOfGoodsSold": 1510.424,
        "depreciationAmortization": 7.495,
        "dilutedAverageSharesOutstanding": 162.806,
        "dilutedEPS": 0.13,
        "ebit": 37.294,
        "grossIncome": 203.313,
        "interestExpense": 3.589,
        "interestIncomeExpense": -3.254,
        "minorityInterest": -0.363,
        "netIncome": 20.496,
        "netIncomeAfterTaxes": 20.859,
        "period": "2016-03-31",
        "pretaxIncome": 34.302,
        "provisionforIncomeTaxes": 13.443,
        "revenue": 1713.737,
        "sgaExpense": 158.524,
        "totalOperatingExpense": 166.019,
        "totalOtherIncomeExpenseNet": 0.262
      },
      {
        "costOfGoodsSold": 1676.233,
        "depreciationAmortization": 9.174,
        "dilutedAverageSharesOutstanding": 161.909,
        "dilutedEPS": -0.02,
        "ebit": 62.075,
        "grossIncome": 223.039,
        "interestExpense": 2.928,
        "interestIncomeExpense": -2.705,
        "minorityInterest": -0.192,
        "netIncome": -5.074,
        "netIncomeAfterTaxes": -2.394,
        "nonRecurringItems": -58.451,
        "period": "2015-12-31",
        "pretaxIncome": 0.504,
        "provisionforIncomeTaxes": 2.898,
        "revenue": 1899.272,
        "sgaExpense": 151.79,
        "totalOperatingExpense": 160.964,
        "totalOtherIncomeExpenseNet": -0.415
      },
      {
        "costOfGoodsSold": 1704.223,
        "depreciationAmortization": 8.65,
        "dilutedAverageSharesOutstanding": 188.961,
        "dilutedEPS": 1.14,
        "ebit": 80.878,
        "grossIncome": 235.215,
        "interestExpense": 2.021,
        "interestIncomeExpense": -1.675,
        "minorityInterest": -2.568,
        "netIncome": 216.388,
        "netIncomeAfterTaxes": 45.744,
        "period": "2015-09-30",
        "pretaxIncome": 78.133,
        "provisionforIncomeTaxes": 32.389,
        "revenue": 1939.438,
        "sgaExpense": 145.687,
        "totalOperatingExpense": 154.337,
        "totalOtherIncomeExpenseNet": -1.07
      }
    ],
    "symbol": "PWR"
  }
}