{
  "symbol": "ENPH",
  "statement": "ic",
  "frequency": "annual",
  "timestamp": "2025-09-19T13:59:45.934852",
  "data": {
    "financials": [
      {
        "costOfGoodsSold": 701.245,
        "depreciationAmortization": 13.794,
        "dilutedAverageSharesOutstanding": 140.004,
        "dilutedEPS": 0.7333,
        "ebit": 90.446,
        "grossIncome": 629.138,
        "interestExpense": 8.905,
        "interestIncomeExpense": 70.368,
        "netIncome": 102.658,
        "netIncomeAfterTaxes": 102.658,
        "nonRecurringItems": -13.154,
        "period": "2024-12-31",
        "pretaxIncome": 120.159,
        "provisionforIncomeTaxes": 17.501,
        "researchDevelopment": 201.315,
        "revenue": 1330.383,
        "sgaExpense": 323.583,
        "totalOperatingExpense": 538.692,
        "totalOtherIncomeExpenseNet": -27.501,
        "year": 2024
      },
      {
        "costOfGoodsSold": 1232.398,
        "depreciationAmortization": 17.366,
        "dilutedAverageSharesOutstanding": 143.29,
        "dilutedEPS": 3.0633,
        "ebit": 461.425,
        "grossIncome": 1058.388,
        "interestExpense": 8.839,
        "interestIncomeExpense": 68.967,
        "netIncome": 438.936,
        "netIncomeAfterTaxes": 438.936,
        "nonRecurringItems": -15.684,
        "period": "2023-12-31",
        "pretaxIncome": 513.139,
        "provisionforIncomeTaxes": 74.203,
        "researchDevelopment": 227.336,
        "revenue": 2290.786,
        "sgaExpense": 352.261,
        "totalOperatingExpense": 596.963,
        "totalOtherIncomeExpenseNet": -1.569,
        "year": 2023
      },
      {
        "costOfGoodsSold": 1356.3,
        "depreciationAmortization": 15.8,
        "dilutedAverageSharesOutstanding": 144.4,
        "dilutedEPS": 2.75,
        "ebit": 453.3,
        "grossIncome": 974.6,
        "interestExpense": 9.438,
        "interestIncomeExpense": 5,
        "netIncome": 397.4,
        "netIncomeAfterTaxes": 397.4,
        "nonRecurringItems": -5,
        "period": "2022-12-31",
        "pretaxIncome": 452,
        "provisionforIncomeTaxes": 54.7,
        "researchDevelopment": 168.8,
        "revenue": 2330.9,
        "sgaExpense": 336.7,
        "totalOperatingExpense": 521.3,
        "totalOtherIncomeExpenseNet": -1.2,
        "year": 2022
      },
      {
        "costOfGoodsSold": 827.6,
        "dilutedAverageSharesOutstanding": 142.9,
        "dilutedEPS": 1.02,
        "ebit": 220.7,
        "grossIncome": 554.4,
        "interestExpense": 45.152,
        "interestIncomeExpense": -44.5,
        "netIncome": 145.4,
        "netIncomeAfterTaxes": 145.4,
        "nonRecurringItems": -61.4,
        "period": "2021-12-31",
        "pretaxIncome": 120.9,
        "provisionforIncomeTaxes": -24.5,
        "researchDevelopment": 105.5,
        "revenue": 1382,
        "sgaExpense": 228.2,
        "totalOperatingExpense": 333.7,
        "totalOtherIncomeExpenseNet": 6.1,
        "year": 2021
      },
      {
        "costOfGoodsSold": 428.4,
        "dilutedAverageSharesOutstanding": 141.9,
        "dilutedEPS": 0.94,
        "ebit": 186.4,
        "grossIncome": 346,
        "interestExpense": 21.001,
        "interestIncomeExpense": -63.2,
        "netIncome": 134,
        "netIncomeAfterTaxes": 134,
        "nonRecurringItems": 0,
        "period": "2020-12-31",
        "pretaxIncome": 119.4,
        "provisionforIncomeTaxes": -14.6,
        "researchDevelopment": 55.9,
        "revenue": 774.4,
        "sgaExpense": 103.6,
        "totalOperatingExpense": 159.6,
        "totalOtherIncomeExpenseNet": -3.8,
        "year": 2020
      },
      {
        "costOfGoodsSold": 403.1,
        "dilutedAverageSharesOutstanding": 131.6,
        "dilutedEPS": 1.22,
        "ebit": 105.3,
        "grossIncome": 221.2,
        "interestExpense": 9.691,
        "interestIncomeExpense": -7.2,
        "netIncome": 161.1,
        "netIncomeAfterTaxes": 161.1,
        "nonRecurringItems": -2.6,
        "period": "2019-12-31",
        "pretaxIncome": 90.1,
        "provisionforIncomeTaxes": -71,
        "researchDevelopment": 40.4,
        "revenue": 624.3,
        "sgaExpense": 75.5,
        "totalOperatingExpense": 115.9,
        "totalOtherIncomeExpenseNet": -5.4,
        "year": 2019
      },
      {
        "costOfGoodsSold": 221.7,
        "dilutedAverageSharesOutstanding": 99.6,
        "dilutedEPS": -0.12,
        "ebit": 5.7,
        "grossIncome": 94.4,
        "interestExpense": 10.693,
        "interestIncomeExpense": -9.6,
        "netIncome": -11.6,
        "netIncomeAfterTaxes": -11.6,
        "nonRecurringItems": -4.1,
        "period": "2018-12-31",
        "pretaxIncome": -10.2,
        "provisionforIncomeTaxes": 1.4,
        "researchDevelopment": 32.6,
        "revenue": 316.2,
        "sgaExpense": 56.1,
        "totalOperatingExpense": 88.8,
        "totalOtherIncomeExpenseNet": -2.2,
        "year": 2018
      },
      {
        "costOfGoodsSold": 230.1,
        "dilutedAverageSharesOutstanding": 82.9,
        "dilutedEPS": -0.54,
        "ebit": -22.5,
        "grossIncome": 56,
        "interestExpense": 7.936,
        "interestIncomeExpense": -7.9,
        "netIncome": -45.2,
        "netIncomeAfterTaxes": -11.1,
        "nonRecurringItems": -16.9,
        "period": "2017-12-31",
        "pretaxIncome": -45.3,
        "provisionforIncomeTaxes": -34.3,
        "researchDevelopment": 33.2,
        "revenue": 286.2,
        "sgaExpense": 45.3,
        "totalOperatingExpense": 78.5,
        "totalOtherIncomeExpenseNet": 2,
        "year": 2017
      },
      {
        "costOfGoodsSold": 264.6,
        "dilutedAverageSharesOutstanding": 50.5,
        "dilutedEPS": -1.34,
        "ebit": -58.9,
        "grossIncome": 58,
        "interestExpense": 2.773,
        "interestIncomeExpense": -2.8,
        "netIncome": -67.5,
        "netIncomeAfterTaxes": -67.5,
        "nonRecurringItems": -3.8,
        "period": "2016-12-31",
        "pretaxIncome": -66,
        "provisionforIncomeTaxes": 1.5,
        "researchDevelopment": 50.7,
        "revenue": 322.6,
        "sgaExpense": 66.2,
        "totalOperatingExpense": 116.9,
        "totalOtherIncomeExpenseNet": -0.5,
        "year": 2016
      },
      {
        "costOfGoodsSold": 249,
        "dilutedAverageSharesOutstanding": 44.6,
        "dilutedEPS": -0.49,
        "ebit": -19.3,
        "grossIncome": 108.2,
        "interestExpense": 0.501,
        "interestIncomeExpense": -0.5,
        "netIncome": -22.1,
        "netIncomeAfterTaxes": -22.1,
        "period": "2015-12-31",
        "pretaxIncome": -20.7,
        "provisionforIncomeTaxes": 1.4,
        "researchDevelopment": 50.8,
        "revenue": 357.2,
        "sgaExpense": 76.7,
        "totalOperatingExpense": 127.6,
        "totalOtherIncomeExpenseNet": -0.9,
        "year": 2015
      }
    ],
    "symbol": "ENPH"
  }
}