{
  "symbol": "BXP",
  "statement": "ic",
  "frequency": "annual",
  "timestamp": "2025-09-19T13:57:12.579682",
  "data": {
    "financials": [
      {
        "costOfGoodsSold": 1338.614,
        "depreciationAmortization": 887.191,
        "dilutedAverageSharesOutstanding": 157.793,
        "dilutedEPS": 0.0905,
        "ebit": 1021.931,
        "gainLossOnDispositionOfAssets": 0.602,
        "grossIncome": 2069.105,
        "interestExpense": 645.117,
        "interestIncomeExpense": -923.133,
        "minorityInterest": -69.916,
        "netIncome": 14.272,
        "netIncomeAfterTaxes": 84.188,
        "nonRecurringItems": -15.212,
        "period": "2024-12-31",
        "pretaxIncome": 84.188,
        "revenue": 3407.719,
        "sgaExpense": 159.983,
        "totalOperatingExpense": 1047.174,
        "totalOtherIncomeExpenseNet": 0,
        "year": 2024
      },
      {
        "costOfGoodsSold": 1233.943,
        "depreciationAmortization": 830.813,
        "dilutedAverageSharesOutstanding": 157.201,
        "dilutedEPS": 1.21,
        "ebit": 1038.655,
        "gainLossOnDispositionOfAssets": 0.517,
        "grossIncome": 2039.626,
        "interestExpense": 579.572,
        "interestIncomeExpense": -743.435,
        "minorityInterest": -101.209,
        "netIncome": 190.215,
        "netIncomeAfterTaxes": 291.424,
        "nonRecurringItems": -4.313,
        "period": "2023-12-31",
        "pretaxIncome": 291.424,
        "revenue": 3273.569,
        "sgaExpense": 170.158,
        "totalOperatingExpense": 1000.971,
        "totalOtherIncomeExpenseNet": 0,
        "year": 2023
      },
      {
        "costOfGoodsSold": 1151,
        "depreciationAmortization": 749.8,
        "dilutedAverageSharesOutstanding": 157.1,
        "dilutedEPS": 5.4,
        "ebit": 1061.4,
        "gainLossOnDispositionOfAssets": 447.1,
        "grossIncome": 1957.6,
        "interestExpense": 437.139,
        "interestIncomeExpense": -491.6,
        "minorityInterest": -171.6,
        "netIncome": 848.1,
        "netIncomeAfterTaxes": 1020.6,
        "nonRecurringItems": -2.9,
        "period": "2022-12-31",
        "pretaxIncome": 1020.6,
        "revenue": 3108.6,
        "sgaExpense": 146.4,
        "totalOperatingExpense": 896.2,
        "totalOtherIncomeExpenseNet": 6.6,
        "year": 2022
      },
      {
        "costOfGoodsSold": 1046.6,
        "depreciationAmortization": 717.3,
        "dilutedAverageSharesOutstanding": 156.4,
        "dilutedEPS": 3.17,
        "ebit": 973.1,
        "gainLossOnDispositionOfAssets": 123.7,
        "grossIncome": 1842,
        "interestExpense": 423.346,
        "interestIncomeExpense": -414.6,
        "minorityInterest": -126.7,
        "netIncome": 496.2,
        "netIncomeAfterTaxes": 631.9,
        "nonRecurringItems": -50.2,
        "period": "2021-12-31",
        "pretaxIncome": 631.9,
        "revenue": 2888.6,
        "sgaExpense": 151.6,
        "totalOperatingExpense": 869,
        "year": 2021
      },
      {
        "costOfGoodsSold": 1042,
        "depreciationAmortization": 683.8,
        "dilutedAverageSharesOutstanding": 155.5,
        "dilutedEPS": 5.54,
        "ebit": 906.8,
        "gainLossOnDispositionOfAssets": 619,
        "grossIncome": 1723.7,
        "interestExpense": 431.717,
        "interestIncomeExpense": -505.6,
        "minorityInterest": -146,
        "netIncome": 862.2,
        "netIncomeAfterTaxes": 1018.7,
        "nonRecurringItems": -1.5,
        "period": "2020-12-31",
        "pretaxIncome": 1018.7,
        "revenue": 2765.7,
        "sgaExpense": 133.1,
        "totalOperatingExpense": 816.9,
        "year": 2020
      },
      {
        "costOfGoodsSold": 1094.4,
        "depreciationAmortization": 677.8,
        "dilutedAverageSharesOutstanding": 154.9,
        "dilutedEPS": 3.3,
        "ebit": 1047.7,
        "gainLossOnDispositionOfAssets": 0.7,
        "grossIncome": 1866.2,
        "interestExpense": 412.717,
        "interestIncomeExpense": -340.8,
        "minorityInterest": -130.5,
        "netIncome": 511,
        "netIncomeAfterTaxes": 652,
        "nonRecurringItems": -55.6,
        "period": "2019-12-31",
        "pretaxIncome": 652,
        "revenue": 2960.6,
        "sgaExpense": 140.8,
        "totalOperatingExpense": 818.5,
        "year": 2019
      },
      {
        "costOfGoodsSold": 1022.6,
        "depreciationAmortization": 645.6,
        "dilutedAverageSharesOutstanding": 154.7,
        "dilutedEPS": 3.7,
        "ebit": 927.1,
        "gainLossOnDispositionOfAssets": 182.4,
        "grossIncome": 1694.5,
        "interestExpense": 378.168,
        "interestIncomeExpense": -367,
        "minorityInterest": -129.7,
        "netIncome": 572.3,
        "netIncomeAfterTaxes": 712.6,
        "nonRecurringItems": -29.9,
        "period": "2018-12-31",
        "pretaxIncome": 712.6,
        "revenue": 2717.1,
        "sgaExpense": 121.7,
        "totalOperatingExpense": 767.4,
        "year": 2018
      },
      {
        "costOfGoodsSold": 962,
        "depreciationAmortization": 617.5,
        "dilutedAverageSharesOutstanding": 154.4,
        "dilutedEPS": 2.93,
        "ebit": 908.8,
        "gainLossOnDispositionOfAssets": 7.7,
        "grossIncome": 1640,
        "interestExpense": 374.481,
        "interestIncomeExpense": -353.8,
        "minorityInterest": -100,
        "netIncome": 451.9,
        "netIncomeAfterTaxes": 562.5,
        "nonRecurringItems": -0.2,
        "period": "2017-12-31",
        "pretaxIncome": 562.5,
        "revenue": 2602.1,
        "sgaExpense": 113.7,
        "totalOperatingExpense": 731.3,
        "year": 2017
      },
      {
        "costOfGoodsSold": 921.2,
        "depreciationAmortization": 694.4,
        "dilutedAverageSharesOutstanding": 154,
        "dilutedEPS": 3.26,
        "ebit": 830,
        "gainLossOnDispositionOfAssets": 80.6,
        "grossIncome": 1629.6,
        "interestExpense": 412.849,
        "interestIncomeExpense": -395.4,
        "minorityInterest": -57.2,
        "netIncome": 502.3,
        "netIncomeAfterTaxes": 570,
        "nonRecurringItems": 54.8,
        "period": "2016-12-31",
        "pretaxIncome": 570,
        "revenue": 2550.8,
        "sgaExpense": 105.2,
        "totalOperatingExpense": 799.6,
        "year": 2016
      },
      {
        "costOfGoodsSold": 904.3,
        "depreciationAmortization": 639.5,
        "dilutedAverageSharesOutstanding": 153.8,
        "dilutedEPS": 3.72,
        "ebit": 850.6,
        "gainLossOnDispositionOfAssets": 375.9,
        "grossIncome": 1586.5,
        "interestExpense": 432.196,
        "interestIncomeExpense": -403.3,
        "minorityInterest": -216.8,
        "netIncome": 572.6,
        "netIncomeAfterTaxes": 799.9,
        "nonRecurringItems": -23.3,
        "period": "2015-12-31",
        "pretaxIncome": 799.9,
        "revenue": 2490.8,
        "sgaExpense": 96.3,
        "totalOperatingExpense": 735.9,
        "year": 2015
      }
    ],
    "symbol": "BXP"
  }
}