{
  "symbol": "ISRG",
  "statement": "ic",
  "frequency": "quarterly",
  "timestamp": "2025-09-19T14:02:16.500002",
  "data": {
    "financials": [
      {
        "costOfGoodsSold": 822.1,
        "dilutedAverageSharesOutstanding": 364.1,
        "dilutedEPS": 1.81,
        "ebit": 743.4,
        "grossIncome": 1617.9,
        "interestIncomeExpense": 88.7,
        "minorityInterest": -5.8,
        "netIncome": 658.4,
        "netIncomeAfterTaxes": 664.2,
        "period": "2025-06-30",
        "pretaxIncome": 832.1,
        "provisionforIncomeTaxes": 167.9,
        "researchDevelopment": 313.3,
        "revenue": 2440,
        "sgaExpense": 561.2,
        "totalOperatingExpense": 874.5
      },
      {
        "costOfGoodsSold": 795.7,
        "depreciationAmortization": 0.5,
        "dilutedAverageSharesOutstanding": 364.6,
        "dilutedEPS": 1.92,
        "ebit": 583.7,
        "grossIncome": 1457.7,
        "interestIncomeExpense": 90.4,
        "minorityInterest": -5.3,
        "netIncome": 698.4,
        "netIncomeAfterTaxes": 703.7,
        "nonRecurringItems": -5.6,
        "period": "2025-03-31",
        "pretaxIncome": 668.5,
        "provisionforIncomeTaxes": -35.2,
        "researchDevelopment": 310.6,
        "revenue": 2253.4,
        "sgaExpense": 562.9,
        "totalOperatingExpense": 874
      },
      {
        "costOfGoodsSold": 771.3,
        "depreciationAmortization": 0.2,
        "dilutedAverageSharesOutstanding": 363.8,
        "dilutedEPS": 1.88,
        "ebit": 741,
        "grossIncome": 1642.2,
        "interestIncomeExpense": 74.9,
        "minorityInterest": -2.3,
        "netIncome": 685.7,
        "netIncomeAfterTaxes": 688,
        "nonRecurringItems": -6.1,
        "period": "2024-12-31",
        "pretaxIncome": 809.8,
        "provisionforIncomeTaxes": 121.8,
        "researchDevelopment": 288.6,
        "revenue": 2413.5,
        "sgaExpense": 612.4,
        "totalOperatingExpense": 901.2
      },
      {
        "costOfGoodsSold": 664.2,
        "depreciationAmortization": 0.6,
        "dilutedAverageSharesOutstanding": 362.7,
        "dilutedEPS": 1.56,
        "ebit": 577.8,
        "grossIncome": 1373.9,
        "interestIncomeExpense": 93.7,
        "minorityInterest": -5.5,
        "netIncome": 565.1,
        "netIncomeAfterTaxes": 570.6,
        "nonRecurringItems": -0.5,
        "period": "2024-09-30",
        "pretaxIncome": 671,
        "provisionforIncomeTaxes": 100.4,
        "researchDevelopment": 285.5,
        "revenue": 2038.1,
        "sgaExpense": 510,
        "totalOperatingExpense": 796.1
      },
      {
        "costOfGoodsSold": 637.2,
        "depreciationAmortization": 0.8,
        "dilutedAverageSharesOutstanding": 361,
        "dilutedEPS": 1.46,
        "ebit": 568,
        "grossIncome": 1372.7,
        "interestIncomeExpense": 87.2,
        "minorityInterest": -4.6,
        "netIncome": 526.9,
        "netIncomeAfterTaxes": 531.5,
        "nonRecurringItems": -0.7,
        "period": "2024-06-30",
        "pretaxIncome": 654.5,
        "provisionforIncomeTaxes": 123,
        "researchDevelopment": 279.4,
        "revenue": 2009.9,
        "sgaExpense": 524.5,
        "totalOperatingExpense": 804.7
      },
      {
        "costOfGoodsSold": 645.2,
        "depreciationAmortization": 0.8,
        "dilutedAverageSharesOutstanding": 360.5,
        "dilutedEPS": 1.51,
        "ebit": 469.9,
        "grossIncome": 1245.4,
        "interestIncomeExpense": 69.1,
        "minorityInterest": -2.5,
        "netIncome": 544.9,
        "netIncomeAfterTaxes": 547.4,
        "nonRecurringItems": -0.5,
        "period": "2024-03-31",
        "pretaxIncome": 538.5,
        "provisionforIncomeTaxes": -8.9,
        "researchDevelopment": 284,
        "revenue": 1890.6,
        "sgaExpense": 490.7,
        "totalOperatingExpense": 775.5
      },
      {
        "costOfGoodsSold": 650.9,
        "depreciationAmortization": 0.8,
        "dilutedAverageSharesOutstanding": 358.3,
        "dilutedEPS": 1.69,
        "ebit": 452.7,
        "grossIncome": 1277.4,
        "interestIncomeExpense": 65.7,
        "minorityInterest": -4.5,
        "netIncome": 606.2,
        "netIncomeAfterTaxes": 610.7,
        "nonRecurringItems": -2.5,
        "period": "2023-12-31",
        "pretaxIncome": 515.9,
        "provisionforIncomeTaxes": -94.8,
        "researchDevelopment": 257.6,
        "revenue": 1928.3,
        "sgaExpense": 566.3,
        "totalOperatingExpense": 824.7
      },
      {
        "costOfGoodsSold": 576.5,
        "depreciationAmortization": 0.8,
        "dilutedAverageSharesOutstanding": 358.2,
        "dilutedEPS": 1.16,
        "ebit": 473.9,
        "grossIncome": 1167.2,
        "interestIncomeExpense": 56.2,
        "minorityInterest": -4.1,
        "netIncome": 415.7,
        "netIncomeAfterTaxes": 419.8,
        "nonRecurringItems": -8.1,
        "period": "2023-09-30",
        "pretaxIncome": 522,
        "provisionforIncomeTaxes": 102.2,
        "researchDevelopment": 241.3,
        "revenue": 1743.7,
        "sgaExpense": 451.2,
        "totalOperatingExpense": 693.3
      },
      {
        "costOfGoodsSold": 584,
        "depreciationAmortization": 0.8,
        "dilutedAverageSharesOutstanding": 357.3,
        "dilutedEPS": 1.18,
        "ebit": 465.4,
        "grossIncome": 1171.9,
        "interestIncomeExpense": 36,
        "minorityInterest": -5.2,
        "netIncome": 420.8,
        "netIncomeAfterTaxes": 426,
        "nonRecurringItems": -2.2,
        "period": "2023-06-30",
        "pretaxIncome": 499.2,
        "provisionforIncomeTaxes": 73.2,
        "researchDevelopment": 242.2,
        "revenue": 1755.9,
        "sgaExpense": 463.5,
        "totalOperatingExpense": 706.5
      },
      {
        "costOfGoodsSold": 583.2,
        "depreciationAmortization": 0.9,
        "dilutedAverageSharesOutstanding": 356,
        "dilutedEPS": 1,
        "ebit": 388.3,
        "grossIncome": 1113,
        "interestIncomeExpense": 34.2,
        "minorityInterest": -5.5,
        "netIncome": 355.3,
        "netIncomeAfterTaxes": 360.8,
        "nonRecurringItems": -0.7,
        "period": "2023-03-31",
        "pretaxIncome": 421.8,
        "provisionforIncomeTaxes": 61,
        "researchDevelopment": 244.2,
        "revenue": 1696.2,
        "sgaExpense": 479.6,
        "totalOperatingExpense": 724.7
      },
      {
        "costOfGoodsSold": 544.1,
        "depreciationAmortization": 1.3,
        "dilutedAverageSharesOutstanding": 356.9,
        "dilutedEPS": 0.91,
        "ebit": 380.9,
        "grossIncome": 1110.9,
        "interestIncomeExpense": 22.2,
        "minorityInterest": -11.8,
        "netIncome": 324.9,
        "netIncomeAfterTaxes": 336.7,
        "nonRecurringItems": -8.4,
        "period": "2022-12-31",
        "pretaxIncome": 394.7,
        "provisionforIncomeTaxes": 58,
        "researchDevelopment": 235.7,
        "revenue": 1655,
        "sgaExpense": 493,
        "totalOperatingExpense": 730
      },
      {
        "costOfGoodsSold": 505.3,
        "depreciationAmortization": 1.4,
        "dilutedAverageSharesOutstanding": 360.5,
        "dilutedEPS": 0.9,
        "ebit": 399.8,
        "grossIncome": 1052.1,
        "interestIncomeExpense": 3.9,
        "minorityInterest": -0.7,
        "netIncome": 324,
        "netIncomeAfterTaxes": 324.7,
        "nonRecurringItems": -0.9,
        "period": "2022-09-30",
        "pretaxIncome": 402.8,
        "provisionforIncomeTaxes": 78.1,
        "researchDevelopment": 216.2,
        "revenue": 1557.4,
        "sgaExpense": 434.7,
        "totalOperatingExpense": 652.3
      },
      {
        "costOfGoodsSold": 498.8,
        "depreciationAmortization": 1.6,
        "dilutedAverageSharesOutstanding": 363.9,
        "dilutedEPS": 0.85,
        "ebit": 400.1,
        "grossIncome": 1023.3,
        "interestIncomeExpense": 9.3,
        "minorityInterest": -5.8,
        "netIncome": 307.8,
        "netIncomeAfterTaxes": 313.6,
        "nonRecurringItems": -2.5,
        "period": "2022-06-30",
        "pretaxIncome": 406.9,
        "provisionforIncomeTaxes": 93.3,
        "researchDevelopment": 204.8,
        "revenue": 1522.1,
        "sgaExpense": 416.8,
        "totalOperatingExpense": 623.2
      },
      {
        "costOfGoodsSold": 478,
        "depreciationAmortization": 1.6,
        "dilutedAverageSharesOutstanding": 366.7,
        "dilutedEPS": 1,
        "ebit": 416.6,
        "grossIncome": 1009.7,
        "interestIncomeExpense": -5.7,
        "minorityInterest": -3.8,
        "netIncome": 365.6,
        "netIncomeAfterTaxes": 369.4,
        "nonRecurringItems": -8.5,
        "period": "2022-03-31",
        "pretaxIncome": 402.4,
        "provisionforIncomeTaxes": 33,
        "researchDevelopment": 202,
        "revenue": 1487.7,
        "sgaExpense": 389.5,
        "totalOperatingExpense": 593.1
      },
      {
        "costOfGoodsSold": 489.9,
        "depreciationAmortization": 1.9,
        "dilutedAverageSharesOutstanding": 367.9,
        "dilutedEPS": 1.03,
        "ebit": 451.5,
        "grossIncome": 1060.8,
        "interestIncomeExpense": 3.8,
        "minorityInterest": -2.1,
        "netIncome": 380.6,
        "netIncomeAfterTaxes": 382.7,
        "nonRecurringItems": -1.1,
        "period": "2021-12-31",
        "pretaxIncome": 454.2,
        "provisionforIncomeTaxes": 71.5,
        "researchDevelopment": 182.3,
        "revenue": 1550.7,
        "sgaExpense": 425.1,
        "totalOperatingExpense": 609.3
      },
      {
        "costOfGoodsSold": 431.9,
        "depreciationAmortization": 1.8,
        "dilutedAverageSharesOutstanding": 366.8,
        "dilutedEPS": 1.04,
        "ebit": 447.9,
        "grossIncome": 971.4,
        "interestIncomeExpense": 18.5,
        "minorityInterest": -6.7,
        "netIncome": 380.5,
        "netIncomeAfterTaxes": 387.2,
        "nonRecurringItems": -5.3,
        "period": "2021-09-30",
        "pretaxIncome": 461.1,
        "provisionforIncomeTaxes": 73.9,
        "researchDevelopment": 160.2,
        "revenue": 1403.3,
        "sgaExpense": 361.5,
        "totalOperatingExpense": 523.5
      },
      {
        "costOfGoodsSold": 440.3,
        "depreciationAmortization": 1.9,
        "dilutedAverageSharesOutstanding": 364.804,
        "dilutedEPS": 1.42,
        "ebit": 515.2,
        "grossIncome": 1023.7,
        "interestIncomeExpense": 15,
        "minorityInterest": -5.8,
        "netIncome": 517.2,
        "netIncomeAfterTaxes": 523,
        "nonRecurringItems": -4,
        "period": "2021-06-30",
        "pretaxIncome": 526.2,
        "provisionforIncomeTaxes": 3.2,
        "researchDevelopment": 158.3,
        "revenue": 1464,
        "sgaExpense": 348.3,
        "totalOperatingExpense": 508.5
      },
      {
        "costOfGoodsSold": 389.5,
        "depreciationAmortization": 1.7,
        "dilutedAverageSharesOutstanding": 363.904,
        "dilutedEPS": 1.17,
        "ebit": 417.5,
        "grossIncome": 902.6,
        "interestIncomeExpense": 32,
        "minorityInterest": -8.9,
        "netIncome": 426.3,
        "netIncomeAfterTaxes": 435.2,
        "nonRecurringItems": -0.7,
        "period": "2021-03-31",
        "pretaxIncome": 448.8,
        "provisionforIncomeTaxes": 13.6,
        "researchDevelopment": 159.1,
        "revenue": 1292.1,
        "sgaExpense": 324.3,
        "totalOperatingExpense": 485.1
      },
      {
        "costOfGoodsSold": 433.3,
        "dilutedAverageSharesOutstanding": 363.604,
        "dilutedEPS": 1,
        "ebit": 416.6,
        "grossIncome": 895.8,
        "interestIncomeExpense": 20.7,
        "minorityInterest": 1.6,
        "netIncome": 365.2,
        "netIncomeAfterTaxes": 363.6,
        "nonRecurringItems": -0.8,
        "period": "2020-12-31",
        "pretaxIncome": 436.5,
        "provisionforIncomeTaxes": 72.9,
        "researchDevelopment": 149,
        "revenue": 1329.1,
        "sgaExpense": 330.2,
        "totalOperatingExpense": 479.2
      },
      {
        "costOfGoodsSold": 353.4,
        "dilutedAverageSharesOutstanding": 361.804,
        "dilutedEPS": 0.87,
        "ebit": 280.4,
        "grossIncome": 724.3,
        "interestIncomeExpense": 84.8,
        "minorityInterest": -2.9,
        "netIncome": 313.9,
        "netIncomeAfterTaxes": 316.8,
        "nonRecurringItems": -10,
        "period": "2020-09-30",
        "pretaxIncome": 355.2,
        "provisionforIncomeTaxes": 38.4,
        "researchDevelopment": 145,
        "revenue": 1077.7,
        "sgaExpense": 298.9,
        "totalOperatingExpense": 443.9
      },
      {
        "costOfGoodsSold": 349.2,
        "dilutedAverageSharesOutstanding": 359.104,
        "dilutedEPS": 0.19,
        "ebit": 83.7,
        "grossIncome": 502.9,
        "interestIncomeExpense": 26.6,
        "minorityInterest": -2.2,
        "netIncome": 68,
        "netIncomeAfterTaxes": 70.2,
        "nonRecurringItems": -3.1,
        "period": "2020-06-30",
        "pretaxIncome": 107.2,
        "provisionforIncomeTaxes": 37,
        "researchDevelopment": 140.1,
        "revenue": 852.1,
        "sgaExpense": 279.1,
        "totalOperatingExpense": 419.2
      },
      {
        "costOfGoodsSold": 361.3,
        "dilutedAverageSharesOutstanding": 359.404,
        "dilutedEPS": 0.87,
        "ebit": 284.9,
        "grossIncome": 738.2,
        "interestIncomeExpense": 25.1,
        "minorityInterest": -2.7,
        "netIncome": 313.5,
        "netIncomeAfterTaxes": 316.2,
        "nonRecurringItems": -1.9,
        "period": "2020-03-31",
        "pretaxIncome": 308.1,
        "provisionforIncomeTaxes": -8.1,
        "researchDevelopment": 145.2,
        "revenue": 1099.5,
        "sgaExpense": 308.1,
        "totalOperatingExpense": 453.3
      },
      {
        "costOfGoodsSold": 381.7,
        "dilutedAverageSharesOutstanding": 359.404,
        "dilutedEPS": 1,
        "ebit": 398.4,
        "grossIncome": 896,
        "interestIncomeExpense": 34.1,
        "minorityInterest": -5,
        "netIncome": 357.7,
        "netIncomeAfterTaxes": 362.7,
        "nonRecurringItems": -0.8,
        "period": "2019-12-31",
        "pretaxIncome": 431.7,
        "provisionforIncomeTaxes": 69,
        "researchDevelopment": 156.6,
        "revenue": 1277.7,
        "sgaExpense": 341,
        "totalOperatingExpense": 497.6
      },
      {
        "costOfGoodsSold": 342.6,
        "dilutedAverageSharesOutstanding": 357.904,
        "dilutedEPS": 1.11,
        "ebit": 365.7,
        "grossIncome": 785.6,
        "interestIncomeExpense": 33.3,
        "minorityInterest": -1.9,
        "netIncome": 396.8,
        "netIncomeAfterTaxes": 398.7,
        "nonRecurringItems": 0,
        "period": "2019-09-30",
        "pretaxIncome": 399,
        "provisionforIncomeTaxes": 0.3,
        "researchDevelopment": 135.9,
        "revenue": 1128.2,
        "sgaExpense": 284,
        "totalOperatingExpense": 419.9
      },
      {
        "costOfGoodsSold": 339.9,
        "dilutedAverageSharesOutstanding": 357.904,
        "dilutedEPS": 0.89,
        "ebit": 359,
        "grossIncome": 759,
        "interestIncomeExpense": 32.8,
        "minorityInterest": 1.9,
        "netIncome": 318.3,
        "netIncomeAfterTaxes": 316.4,
        "nonRecurringItems": 0,
        "period": "2019-06-30",
        "pretaxIncome": 391.8,
        "provisionforIncomeTaxes": 75.4,
        "researchDevelopment": 120.8,
        "revenue": 1098.9,
        "sgaExpense": 279.2,
        "totalOperatingExpense": 400
      },
      {
        "costOfGoodsSold": 304.1,
        "dilutedAverageSharesOutstanding": 358.804,
        "dilutedEPS": 0.85,
        "ebit": 252.2,
        "grossIncome": 669.6,
        "interestIncomeExpense": 27.5,
        "minorityInterest": 2.5,
        "netIncome": 306.5,
        "netIncomeAfterTaxes": 304,
        "nonRecurringItems": 0,
        "period": "2019-03-31",
        "pretaxIncome": 279.7,
        "provisionforIncomeTaxes": -24.3,
        "researchDevelopment": 144,
        "revenue": 973.7,
        "sgaExpense": 273.4,
        "totalOperatingExpense": 417.4
      },
      {
        "costOfGoodsSold": 310.8,
        "dilutedAverageSharesOutstanding": 358.204,
        "dilutedEPS": 0.81,
        "ebit": 331.3,
        "grossIncome": 735.7,
        "interestIncomeExpense": 26.8,
        "minorityInterest": 1.2,
        "netIncome": 292.5,
        "netIncomeAfterTaxes": 263.7,
        "nonRecurringItems": 0.7,
        "period": "2018-12-31",
        "pretaxIncome": 358.8,
        "provisionforIncomeTaxes": 95.1,
        "researchDevelopment": 119.9,
        "revenue": 1046.5,
        "sgaExpense": 284.5,
        "totalOperatingExpense": 404.4
      },
      {
        "costOfGoodsSold": 278.6,
        "dilutedAverageSharesOutstanding": 357.604,
        "dilutedEPS": 0.81,
        "ebit": 311.5,
        "grossIncome": 642.3,
        "interestIncomeExpense": 21.9,
        "minorityInterest": 0.7,
        "netIncome": 292.5,
        "netIncomeAfterTaxes": 304.4,
        "nonRecurringItems": 1.8,
        "period": "2018-09-30",
        "pretaxIncome": 335.2,
        "provisionforIncomeTaxes": 30.8,
        "researchDevelopment": 107.6,
        "revenue": 920.9,
        "sgaExpense": 223.2,
        "totalOperatingExpense": 330.8
      },
      {
        "costOfGoodsSold": 277,
        "dilutedAverageSharesOutstanding": 355.504,
        "dilutedEPS": 0.71,
        "ebit": 319.9,
        "grossIncome": 632.3,
        "interestIncomeExpense": 18.2,
        "minorityInterest": 0.7,
        "netIncome": 255.3,
        "netIncomeAfterTaxes": 261,
        "nonRecurringItems": -42.5,
        "period": "2018-06-30",
        "pretaxIncome": 295.6,
        "provisionforIncomeTaxes": 34.6,
        "researchDevelopment": 95.1,
        "revenue": 909.3,
        "sgaExpense": 217.3,
        "totalOperatingExpense": 312.4
      },
      {
        "costOfGoodsSold": 253.7,
        "dilutedAverageSharesOutstanding": 354.004,
        "dilutedEPS": 0.81,
        "ebit": 281.9,
        "grossIncome": 593.8,
        "interestIncomeExpense": 13.2,
        "minorityInterest": 0.3,
        "netIncome": 287.6,
        "netIncomeAfterTaxes": 296.4,
        "nonRecurringItems": -5.2,
        "period": "2018-03-31",
        "pretaxIncome": 289.9,
        "provisionforIncomeTaxes": -6.5,
        "researchDevelopment": 95.5,
        "revenue": 847.5,
        "sgaExpense": 216.4,
        "totalOperatingExpense": 311.9
      },
      {
        "costOfGoodsSold": 258,
        "dilutedAverageSharesOutstanding": 336.003,
        "dilutedEPS": -0.09,
        "ebit": 327.8,
        "grossIncome": 634,
        "interestIncomeExpense": 12.3,
        "minorityInterest": 0,
        "netIncome": -31.5,
        "netIncomeAfterTaxes": 286.3,
        "nonRecurringItems": 1.2,
        "period": "2017-12-31",
        "pretaxIncome": 341.3,
        "provisionforIncomeTaxes": 55,
        "researchDevelopment": 87.1,
        "revenue": 892,
        "sgaExpense": 219.1,
        "totalOperatingExpense": 306.2
      },
      {
        "costOfGoodsSold": 239.7,
        "dilutedAverageSharesOutstanding": 350.404,
        "dilutedEPS": 0.85,
        "ebit": 290.3,
        "grossIncome": 568.1,
        "interestIncomeExpense": 10.8,
        "minorityInterest": 0,
        "netIncome": 298.6,
        "netIncomeAfterTaxes": 298.6,
        "nonRecurringItems": -9.7,
        "period": "2017-09-30",
        "pretaxIncome": 291.4,
        "provisionforIncomeTaxes": -7.2,
        "researchDevelopment": 83.4,
        "revenue": 807.8,
        "sgaExpense": 194.4,
        "totalOperatingExpense": 277.8
      },
      {
        "costOfGoodsSold": 228.7,
        "dilutedAverageSharesOutstanding": 345.603,
        "dilutedEPS": 0.65,
        "ebit": 255.4,
        "grossIncome": 530.1,
        "interestIncomeExpense": 10.1,
        "minorityInterest": 0,
        "netIncome": 223,
        "netIncomeAfterTaxes": 223,
        "nonRecurringItems": 4.5,
        "period": "2017-06-30",
        "pretaxIncome": 270,
        "provisionforIncomeTaxes": 47,
        "researchDevelopment": 84.6,
        "revenue": 758.8,
        "sgaExpense": 190.1,
        "totalOperatingExpense": 274.7
      },
      {
        "costOfGoodsSold": 209.8,
        "dilutedAverageSharesOutstanding": 346.503,
        "dilutedEPS": 0.52,
        "ebit": 206.9,
        "grossIncome": 469.8,
        "interestIncomeExpense": 8.7,
        "minorityInterest": 0,
        "netIncome": 180.8,
        "netIncomeAfterTaxes": 180.8,
        "nonRecurringItems": -13.5,
        "period": "2017-03-31",
        "pretaxIncome": 202.1,
        "provisionforIncomeTaxes": 21.3,
        "researchDevelopment": 73.5,
        "revenue": 679.6,
        "sgaExpense": 189.4,
        "totalOperatingExpense": 262.9
      },
      {
        "costOfGoodsSold": 229,
        "dilutedAverageSharesOutstanding": 356.393,
        "dilutedEPS": 0.58,
        "ebit": 274.4,
        "grossIncome": 530,
        "interestIncomeExpense": 11.7,
        "netIncome": 206.4,
        "netIncomeAfterTaxes": 206.4,
        "nonRecurringItems": -5.5,
        "period": "2016-12-31",
        "pretaxIncome": 280.6,
        "provisionforIncomeTaxes": 74.2,
        "researchDevelopment": 69.1,
        "revenue": 759,
        "sgaExpense": 186.5,
        "totalOperatingExpense": 255.6
      },
      {
        "costOfGoodsSold": 195.9,
        "dilutedAverageSharesOutstanding": 357.307,
        "dilutedEPS": 0.59,
        "ebit": 256.4,
        "grossIncome": 487,
        "interestIncomeExpense": 10.4,
        "netIncome": 211,
        "netIncomeAfterTaxes": 211,
        "period": "2016-09-30",
        "pretaxIncome": 266.8,
        "provisionforIncomeTaxes": 55.8,
        "researchDevelopment": 62.6,
        "revenue": 682.9,
        "sgaExpense": 168,
        "totalOperatingExpense": 230.6
      },
      {
        "costOfGoodsSold": 199.2,
        "dilutedAverageSharesOutstanding": 352.807,
        "dilutedEPS": 0.52,
        "ebit": 249.8,
        "grossIncome": 470.9,
        "interestIncomeExpense": 8,
        "netIncome": 184.5,
        "netIncomeAfterTaxes": 184.5,
        "nonRecurringItems": -4.4,
        "period": "2016-06-30",
        "pretaxIncome": 253.4,
        "provisionforIncomeTaxes": 68.9,
        "researchDevelopment": 54.7,
        "revenue": 670.1,
        "sgaExpense": 166.4,
        "totalOperatingExpense": 221.1
      },
      {
        "costOfGoodsSold": 189.5,
        "dilutedAverageSharesOutstanding": 346.507,
        "dilutedEPS": 0.39,
        "ebit": 181.2,
        "grossIncome": 405,
        "interestIncomeExpense": 5.5,
        "netIncome": 136.4,
        "netIncomeAfterTaxes": 136.4,
        "nonRecurringItems": -2.2,
        "period": "2016-03-31",
        "pretaxIncome": 184.5,
        "provisionforIncomeTaxes": 48.1,
        "researchDevelopment": 53.2,
        "revenue": 594.5,
        "sgaExpense": 170.6,
        "totalOperatingExpense": 223.8
      },
      {
        "costOfGoodsSold": 217.7,
        "dilutedAverageSharesOutstanding": 343.807,
        "dilutedEPS": 0.55,
        "ebit": 245.3,
        "grossIncome": 458.8,
        "interestIncomeExpense": 5.9,
        "netIncome": 190,
        "netIncomeAfterTaxes": 190,
        "nonRecurringItems": 0.6,
        "period": "2015-12-31",
        "pretaxIncome": 251.8,
        "provisionforIncomeTaxes": 61.8,
        "researchDevelopment": 52.6,
        "revenue": 676.5,
        "sgaExpense": 160.9,
        "totalOperatingExpense": 213.5
      },
      {
        "costOfGoodsSold": 193.9,
        "dilutedAverageSharesOutstanding": 342.007,
        "dilutedEPS": 0.49,
        "ebit": 189.9,
        "grossIncome": 395.8,
        "interestIncomeExpense": 3.7,
        "netIncome": 167.3,
        "netIncomeAfterTaxes": 167.3,
        "nonRecurringItems": 0,
        "period": "2015-09-30",
        "pretaxIncome": 193.6,
        "provisionforIncomeTaxes": 26.3,
        "researchDevelopment": 51,
        "revenue": 589.7,
        "sgaExpense": 154.9,
        "totalOperatingExpense": 205.9
      }
    ],
    "symbol": "ISRG"
  }
}