{
  "symbol": "LRCX",
  "statement": "ic",
  "frequency": "quarterly",
  "timestamp": "2025-09-19T14:03:01.692453",
  "data": {
    "financials": [
      {
        "costOfGoodsSold": 2581.684,
        "dilutedAverageSharesOutstanding": 1276.933,
        "dilutedEPS": 1.35,
        "ebit": 1741.128,
        "grossIncome": 2589.709,
        "interestExpense": 42.774,
        "netIncome": 1720.088,
        "netIncomeAfterTaxes": 1720.088,
        "nonRecurringItems": 0,
        "period": "2025-06-29",
        "pretaxIncome": 1778.981,
        "provisionforIncomeTaxes": 58.893,
        "researchDevelopment": 580.178,
        "revenue": 5171.393,
        "sgaExpense": 268.403,
        "totalOperatingExpense": 848.581,
        "totalOtherIncomeExpenseNet": 37.853
      },
      {
        "costOfGoodsSold": 2406.489,
        "dilutedAverageSharesOutstanding": 1288.1,
        "dilutedEPS": 1.03,
        "ebit": 1561.759,
        "grossIncome": 2313.686,
        "interestExpense": 45.184,
        "interestIncomeExpense": 0.752,
        "netIncome": 1330.667,
        "netIncomeAfterTaxes": 1330.667,
        "nonRecurringItems": 0,
        "period": "2025-03-30",
        "pretaxIncome": 1536.724,
        "provisionforIncomeTaxes": 206.057,
        "researchDevelopment": 525.904,
        "revenue": 4720.175,
        "sgaExpense": 226.023,
        "totalOperatingExpense": 751.927,
        "totalOtherIncomeExpenseNet": -25.787
      },
      {
        "costOfGoodsSold": 2303.066,
        "dilutedAverageSharesOutstanding": 1291.469,
        "dilutedEPS": 0.92,
        "ebit": 1333.884,
        "grossIncome": 2072.981,
        "interestExpense": 45.299,
        "interestIncomeExpense": 7.195,
        "netIncome": 1191.018,
        "netIncomeAfterTaxes": 1191.018,
        "nonRecurringItems": 0,
        "period": "2024-12-29",
        "pretaxIncome": 1348.146,
        "provisionforIncomeTaxes": 157.128,
        "researchDevelopment": 494.947,
        "revenue": 4376.047,
        "sgaExpense": 244.15,
        "totalOperatingExpense": 739.097,
        "totalOtherIncomeExpenseNet": 7.067
      },
      {
        "costOfGoodsSold": 2165.293,
        "dilutedAverageSharesOutstanding": 1304.066,
        "dilutedEPS": 0.86,
        "ebit": 1264.197,
        "grossIncome": 2002.683,
        "interestExpense": 44.946,
        "interestIncomeExpense": 13.817,
        "netIncome": 1116.444,
        "netIncomeAfterTaxes": 1116.444,
        "nonRecurringItems": 0,
        "period": "2024-09-29",
        "pretaxIncome": 1294.278,
        "provisionforIncomeTaxes": 177.834,
        "researchDevelopment": 495.358,
        "revenue": 4167.976,
        "sgaExpense": 243.128,
        "totalOperatingExpense": 738.486,
        "totalOtherIncomeExpenseNet": 16.264
      },
      {
        "costOfGoodsSold": 2026.133,
        "dilutedAverageSharesOutstanding": 1311.34,
        "dilutedEPS": 0.78,
        "ebit": 1131.068,
        "grossIncome": 1845.374,
        "interestExpense": 46.439,
        "interestIncomeExpense": 18.394,
        "netIncome": 1020.282,
        "netIncomeAfterTaxes": 1020.282,
        "nonRecurringItems": -4.508,
        "period": "2024-06-30",
        "pretaxIncome": 1154.356,
        "provisionforIncomeTaxes": 134.074,
        "researchDevelopment": 497.829,
        "revenue": 3871.507,
        "sgaExpense": 216.477,
        "totalOperatingExpense": 714.306,
        "totalOtherIncomeExpenseNet": 9.402
      },
      {
        "costOfGoodsSold": 1977.82,
        "dilutedAverageSharesOutstanding": 1315.18,
        "dilutedEPS": 0.73,
        "ebit": 1087.56,
        "grossIncome": 1815.738,
        "interestExpense": 47.153,
        "interestIncomeExpense": 20.255,
        "netIncome": 965.826,
        "netIncomeAfterTaxes": 965.826,
        "nonRecurringItems": -30.448,
        "period": "2024-03-31",
        "pretaxIncome": 1093.185,
        "provisionforIncomeTaxes": 127.359,
        "researchDevelopment": 512.274,
        "revenue": 3793.558,
        "sgaExpense": 215.904,
        "totalOperatingExpense": 728.178,
        "totalOtherIncomeExpenseNet": 15.818
      },
      {
        "costOfGoodsSold": 1985.847,
        "dilutedAverageSharesOutstanding": 1322.2,
        "dilutedEPS": 0.72,
        "ebit": 1073.857,
        "grossIncome": 1772.412,
        "interestExpense": 46.313,
        "interestIncomeExpense": 10.714,
        "netIncome": 954.266,
        "netIncomeAfterTaxes": 954.266,
        "nonRecurringItems": -16.645,
        "period": "2023-12-24",
        "pretaxIncome": 1087.051,
        "provisionforIncomeTaxes": 132.785,
        "researchDevelopment": 469.712,
        "revenue": 3758.259,
        "sgaExpense": 228.843,
        "totalOperatingExpense": 698.555,
        "totalOtherIncomeExpenseNet": 19.125
      },
      {
        "costOfGoodsSold": 1819.42,
        "dilutedAverageSharesOutstanding": 1331.66,
        "dilutedEPS": 0.67,
        "ebit": 1032.99,
        "grossIncome": 1662.642,
        "interestExpense": 45.331,
        "interestIncomeExpense": 12.502,
        "netIncome": 887.398,
        "netIncomeAfterTaxes": 887.398,
        "nonRecurringItems": -9.961,
        "period": "2023-09-24",
        "pretaxIncome": 1025.63,
        "provisionforIncomeTaxes": 138.232,
        "researchDevelopment": 422.629,
        "revenue": 3482.062,
        "sgaExpense": 207.023,
        "totalOperatingExpense": 629.652,
        "totalOtherIncomeExpenseNet": -9.901
      },
      {
        "costOfGoodsSold": 1737.682,
        "dilutedAverageSharesOutstanding": 1343.94,
        "dilutedEPS": 0.6,
        "ebit": 867.793,
        "grossIncome": 1469.575,
        "interestExpense": 46.532,
        "interestIncomeExpense": 11.031,
        "netIncome": 802.537,
        "netIncomeAfterTaxes": 802.537,
        "nonRecurringItems": -13.188,
        "period": "2023-06-25",
        "pretaxIncome": 863.615,
        "provisionforIncomeTaxes": 61.078,
        "researchDevelopment": 401.951,
        "revenue": 3207.257,
        "sgaExpense": 199.831,
        "totalOperatingExpense": 601.782,
        "totalOtherIncomeExpenseNet": -2.021
      },
      {
        "costOfGoodsSold": 2197.237,
        "dilutedAverageSharesOutstanding": 1353.95,
        "dilutedEPS": 0.6,
        "ebit": 1049.381,
        "grossIncome": 1672.332,
        "interestExpense": 47.217,
        "interestIncomeExpense": -10.762,
        "netIncome": 814.008,
        "netIncomeAfterTaxes": 814.008,
        "nonRecurringItems": -107.128,
        "period": "2023-03-26",
        "pretaxIncome": 938.922,
        "provisionforIncomeTaxes": 124.914,
        "researchDevelopment": 429.451,
        "revenue": 3869.569,
        "sgaExpense": 193.5,
        "totalOperatingExpense": 622.951,
        "totalOtherIncomeExpenseNet": 7.431
      },
      {
        "costOfGoodsSold": 2901.22,
        "dilutedAverageSharesOutstanding": 1363.39,
        "dilutedEPS": 1.08,
        "ebit": 1680.162,
        "grossIncome": 2376.349,
        "interestExpense": 46.661,
        "interestIncomeExpense": -30.65,
        "netIncome": 1468.507,
        "netIncomeAfterTaxes": 1468.507,
        "period": "2022-12-25",
        "pretaxIncome": 1651.928,
        "provisionforIncomeTaxes": 183.421,
        "researchDevelopment": 462.385,
        "revenue": 5277.569,
        "sgaExpense": 233.802,
        "totalOperatingExpense": 696.187,
        "totalOtherIncomeExpenseNet": 2.416
      },
      {
        "costOfGoodsSold": 2737.286,
        "dilutedAverageSharesOutstanding": 1372.08,
        "dilutedEPS": 1.04,
        "ebit": 1697.84,
        "grossIncome": 2336.835,
        "interestExpense": 46.052,
        "interestIncomeExpense": -24.175,
        "netIncome": 1425.879,
        "netIncomeAfterTaxes": 1425.879,
        "period": "2022-09-25",
        "pretaxIncome": 1654.745,
        "provisionforIncomeTaxes": 228.866,
        "researchDevelopment": 433.375,
        "revenue": 5074.121,
        "sgaExpense": 205.62,
        "totalOperatingExpense": 638.995,
        "totalOtherIncomeExpenseNet": -18.92
      },
      {
        "costOfGoodsSold": 2535.042,
        "dilutedAverageSharesOutstanding": 1383.12,
        "dilutedEPS": 0.87,
        "ebit": 1479.353,
        "grossIncome": 2100.512,
        "interestExpense": 46.228,
        "interestIncomeExpense": -42.387,
        "netIncome": 1208.934,
        "netIncomeAfterTaxes": 1208.934,
        "period": "2022-06-26",
        "pretaxIncome": 1358.905,
        "provisionforIncomeTaxes": 149.971,
        "researchDevelopment": 411.157,
        "revenue": 4635.554,
        "sgaExpense": 210.002,
        "totalOperatingExpense": 621.159,
        "totalOtherIncomeExpenseNet": -78.061
      },
      {
        "costOfGoodsSold": 2243.791,
        "dilutedAverageSharesOutstanding": 1400.57,
        "dilutedEPS": 0.73,
        "ebit": 1192.097,
        "grossIncome": 1816.625,
        "interestExpense": 46.71,
        "interestIncomeExpense": -43.829,
        "netIncome": 1021.778,
        "netIncomeAfterTaxes": 1021.778,
        "period": "2022-03-27",
        "pretaxIncome": 1134.695,
        "provisionforIncomeTaxes": 112.917,
        "researchDevelopment": 407.12,
        "revenue": 4060.416,
        "sgaExpense": 217.408,
        "totalOperatingExpense": 624.528,
        "totalOtherIncomeExpenseNet": -13.573
      },
      {
        "costOfGoodsSold": 2248.688,
        "dilutedAverageSharesOutstanding": 1415.3,
        "dilutedEPS": 0.84,
        "ebit": 1338.139,
        "grossIncome": 1977.916,
        "interestExpense": 46.765,
        "interestIncomeExpense": -43.662,
        "netIncome": 1194.83,
        "netIncomeAfterTaxes": 1194.83,
        "period": "2021-12-26",
        "pretaxIncome": 1356.138,
        "provisionforIncomeTaxes": 161.308,
        "researchDevelopment": 403.644,
        "revenue": 4226.604,
        "sgaExpense": 236.133,
        "totalOperatingExpense": 639.777,
        "totalOtherIncomeExpenseNet": 61.661
      },
      {
        "costOfGoodsSold": 2327.711,
        "dilutedAverageSharesOutstanding": 1426.12,
        "dilutedEPS": 0.83,
        "ebit": 1372.233,
        "grossIncome": 1976.754,
        "interestExpense": 45.056,
        "interestIncomeExpense": -40.395,
        "netIncome": 1179.744,
        "netIncomeAfterTaxes": 1179.744,
        "period": "2021-09-26",
        "pretaxIncome": 1343.376,
        "provisionforIncomeTaxes": 163.632,
        "researchDevelopment": 382.327,
        "revenue": 4304.465,
        "sgaExpense": 222.194,
        "totalOperatingExpense": 604.521,
        "totalOtherIncomeExpenseNet": 11.538
      },
      {
        "costOfGoodsSold": 2229.978,
        "dilutedAverageSharesOutstanding": 1435.11,
        "dilutedEPS": 0.8,
        "ebit": 1315.927,
        "grossIncome": 1915.201,
        "interestExpense": 51.695,
        "interestIncomeExpense": -50.337,
        "netIncome": 1144.657,
        "netIncomeAfterTaxes": 1144.657,
        "period": "2021-06-27",
        "pretaxIncome": 1308.761,
        "provisionforIncomeTaxes": 164.104,
        "researchDevelopment": 381.749,
        "revenue": 4145.179,
        "sgaExpense": 217.525,
        "totalOperatingExpense": 599.274,
        "totalOtherIncomeExpenseNet": 43.171
      },
      {
        "costOfGoodsSold": 2067.523,
        "dilutedAverageSharesOutstanding": 1446.09,
        "dilutedEPS": 0.74,
        "ebit": 1195.308,
        "grossIncome": 1780.131,
        "interestExpense": 52.236,
        "interestIncomeExpense": -47.486,
        "netIncome": 1071.121,
        "netIncomeAfterTaxes": 1071.121,
        "period": "2021-03-28",
        "pretaxIncome": 1159.988,
        "provisionforIncomeTaxes": 88.867,
        "researchDevelopment": 381.12,
        "revenue": 3847.654,
        "sgaExpense": 203.703,
        "totalOperatingExpense": 584.823,
        "totalOtherIncomeExpenseNet": 12.166
      },
      {
        "costOfGoodsSold": 1852.442,
        "dilutedAverageSharesOutstanding": 1459.1,
        "dilutedEPS": 0.6,
        "ebit": 1009.724,
        "grossIncome": 1603.795,
        "interestExpense": 52.551,
        "interestIncomeExpense": -51.518,
        "netIncome": 869.229,
        "netIncomeAfterTaxes": 869.229,
        "period": "2020-12-27",
        "pretaxIncome": 979.783,
        "provisionforIncomeTaxes": 110.554,
        "researchDevelopment": 375.172,
        "revenue": 3456.237,
        "sgaExpense": 218.899,
        "totalOperatingExpense": 594.071,
        "totalOtherIncomeExpenseNet": 21.577
      },
      {
        "costOfGoodsSold": 1670.901,
        "dilutedAverageSharesOutstanding": 1472.48,
        "dilutedEPS": 0.56,
        "ebit": 961.064,
        "grossIncome": 1506.179,
        "interestExpense": 52.115,
        "interestIncomeExpense": -46.531,
        "netIncome": 823.451,
        "netIncomeAfterTaxes": 823.451,
        "period": "2020-09-27",
        "pretaxIncome": 922.272,
        "provisionforIncomeTaxes": 98.821,
        "researchDevelopment": 355.367,
        "revenue": 3177.08,
        "sgaExpense": 189.748,
        "totalOperatingExpense": 545.115,
        "totalOtherIncomeExpenseNet": 7.739
      },
      {
        "costOfGoodsSold": 1511.532,
        "dilutedAverageSharesOutstanding": 1474.16,
        "dilutedEPS": 0.47,
        "ebit": 755.722,
        "grossIncome": 1280.332,
        "interestExpense": 49.25,
        "interestIncomeExpense": -40.892,
        "netIncome": 696.673,
        "netIncomeAfterTaxes": 696.673,
        "period": "2020-06-28",
        "pretaxIncome": 748.169,
        "provisionforIncomeTaxes": 51.496,
        "researchDevelopment": 338.81,
        "revenue": 2791.864,
        "sgaExpense": 185.8,
        "totalOperatingExpense": 524.61,
        "totalOtherIncomeExpenseNet": 33.339
      },
      {
        "costOfGoodsSold": 1336.618,
        "dilutedAverageSharesOutstanding": 1481.65,
        "dilutedEPS": 0.39,
        "ebit": 694.114,
        "grossIncome": 1167.007,
        "interestExpense": 41.58,
        "interestIncomeExpense": -29.102,
        "netIncome": 574.781,
        "netIncomeAfterTaxes": 574.781,
        "period": "2020-03-29",
        "pretaxIncome": 629.495,
        "provisionforIncomeTaxes": 54.714,
        "researchDevelopment": 307.914,
        "revenue": 2503.625,
        "sgaExpense": 164.979,
        "totalOperatingExpense": 472.893,
        "totalOtherIncomeExpenseNet": -35.517
      },
      {
        "costOfGoodsSold": 1403.857,
        "dilutedAverageSharesOutstanding": 1500.97,
        "dilutedEPS": 0.34,
        "ebit": 686.511,
        "grossIncome": 1179.644,
        "interestExpense": 42.615,
        "interestIncomeExpense": -15.877,
        "netIncome": 514.51,
        "netIncomeAfterTaxes": 514.51,
        "period": "2019-12-29",
        "pretaxIncome": 672.587,
        "provisionforIncomeTaxes": 158.077,
        "researchDevelopment": 318.861,
        "revenue": 2583.501,
        "sgaExpense": 174.272,
        "totalOperatingExpense": 493.133,
        "totalOtherIncomeExpenseNet": 1.953
      },
      {
        "costOfGoodsSold": 1184.036,
        "dilutedAverageSharesOutstanding": 1506.82,
        "dilutedEPS": 0.31,
        "ebit": 537.455,
        "grossIncome": 981.71,
        "interestExpense": 43.995,
        "interestIncomeExpense": -18.241,
        "netIncome": 465.789,
        "netIncomeAfterTaxes": 465.789,
        "period": "2019-09-29",
        "pretaxIncome": 524.727,
        "provisionforIncomeTaxes": 58.938,
        "researchDevelopment": 286.827,
        "revenue": 2165.746,
        "sgaExpense": 157.428,
        "totalOperatingExpense": 444.255,
        "totalOtherIncomeExpenseNet": 5.513
      },
      {
        "costOfGoodsSold": 1280.256,
        "dilutedAverageSharesOutstanding": 1546.11,
        "dilutedEPS": 0.35,
        "ebit": 617.628,
        "grossIncome": 1080.891,
        "interestExpense": 45.428,
        "interestIncomeExpense": -13.453,
        "netIncome": 541.825,
        "netIncomeAfterTaxes": 541.825,
        "nonRecurringItems": 0.118,
        "period": "2019-06-30",
        "pretaxIncome": 609.418,
        "provisionforIncomeTaxes": 67.593,
        "researchDevelopment": 295.578,
        "revenue": 2361.147,
        "sgaExpense": 167.685,
        "totalOperatingExpense": 463.263,
        "totalOtherIncomeExpenseNet": 5.125
      },
      {
        "costOfGoodsSold": 1364.711,
        "dilutedAverageSharesOutstanding": 1578.49,
        "dilutedEPS": 0.35,
        "ebit": 566.117,
        "grossIncome": 1074.337,
        "interestExpense": 30.263,
        "interestIncomeExpense": -9.89,
        "netIncome": 547.39,
        "netIncomeAfterTaxes": 547.39,
        "nonRecurringItems": 0,
        "period": "2019-03-31",
        "pretaxIncome": 586.049,
        "provisionforIncomeTaxes": 38.659,
        "researchDevelopment": 318.514,
        "revenue": 2439.048,
        "sgaExpense": 189.706,
        "totalOperatingExpense": 508.22,
        "totalOtherIncomeExpenseNet": 29.822
      },
      {
        "costOfGoodsSold": 1377.64,
        "dilutedAverageSharesOutstanding": 1621.7,
        "dilutedEPS": 0.35,
        "ebit": 691.03,
        "grossIncome": 1145.033,
        "interestExpense": 19.784,
        "interestIncomeExpense": 0.289,
        "netIncome": 568.855,
        "netIncomeAfterTaxes": 568.855,
        "period": "2018-12-23",
        "pretaxIncome": 659.73,
        "provisionforIncomeTaxes": 90.875,
        "researchDevelopment": 285.556,
        "revenue": 2522.673,
        "sgaExpense": 168.447,
        "totalOperatingExpense": 454.003,
        "totalOtherIncomeExpenseNet": -31.589
      },
      {
        "costOfGoodsSold": 1272.493,
        "dilutedAverageSharesOutstanding": 1653.27,
        "dilutedEPS": 0.32,
        "ebit": 592.278,
        "grossIncome": 1058.198,
        "interestExpense": 21.788,
        "interestIncomeExpense": 7.29,
        "netIncome": 533.36,
        "netIncomeAfterTaxes": 533.36,
        "nonRecurringItems": 0.083,
        "period": "2018-09-23",
        "pretaxIncome": 591.374,
        "provisionforIncomeTaxes": 58.014,
        "researchDevelopment": 291.672,
        "revenue": 2330.691,
        "sgaExpense": 174.248,
        "totalOperatingExpense": 465.92,
        "totalOtherIncomeExpenseNet": -8.277
      },
      {
        "costOfGoodsSold": 1646.52,
        "dilutedAverageSharesOutstanding": 1754.33,
        "dilutedEPS": 0.58,
        "ebit": 954.768,
        "grossIncome": 1479.408,
        "interestExpense": 24.431,
        "interestIncomeExpense": -0.01,
        "netIncome": 1021.146,
        "netIncomeAfterTaxes": 912.846,
        "nonRecurringItems": 0.542,
        "period": "2018-06-24",
        "pretaxIncome": 958.149,
        "provisionforIncomeTaxes": 45.303,
        "researchDevelopment": 327.713,
        "revenue": 3125.928,
        "sgaExpense": 196.927,
        "totalOperatingExpense": 524.64,
        "totalOtherIncomeExpenseNet": 2.849
      },
      {
        "costOfGoodsSold": 1561.401,
        "dilutedAverageSharesOutstanding": 1797.79,
        "dilutedEPS": 0.43,
        "ebit": 827.01,
        "grossIncome": 1330.714,
        "interestExpense": 25.734,
        "interestIncomeExpense": -3.371,
        "netIncome": 778.8,
        "netIncomeAfterTaxes": 778.8,
        "nonRecurringItems": -42.456,
        "period": "2018-03-25",
        "pretaxIncome": 771.701,
        "provisionforIncomeTaxes": -7.099,
        "researchDevelopment": 305.412,
        "revenue": 2892.115,
        "sgaExpense": 198.292,
        "totalOperatingExpense": 503.704,
        "totalOtherIncomeExpenseNet": -9.482
      },
      {
        "costOfGoodsSold": 1375.248,
        "dilutedAverageSharesOutstanding": 1611.35,
        "dilutedEPS": 0,
        "ebit": 737.322,
        "grossIncome": 1205.567,
        "interestExpense": 23.317,
        "interestIncomeExpense": 1.083,
        "netIncome": -9.955,
        "netIncomeAfterTaxes": 693.545,
        "nonRecurringItems": 0,
        "period": "2017-12-24",
        "pretaxIncome": 734.219,
        "provisionforIncomeTaxes": 40.674,
        "researchDevelopment": 281.311,
        "revenue": 2580.815,
        "sgaExpense": 186.934,
        "totalOperatingExpense": 468.245,
        "totalOtherIncomeExpenseNet": -4.186
      },
      {
        "costOfGoodsSold": 1328.797,
        "dilutedAverageSharesOutstanding": 1838.8,
        "dilutedEPS": 0.32,
        "ebit": 693.339,
        "grossIncome": 1149.343,
        "interestExpense": 23.905,
        "interestIncomeExpense": -4.158,
        "netIncome": 590.69,
        "netIncomeAfterTaxes": 590.69,
        "period": "2017-09-24",
        "pretaxIncome": 687.72,
        "provisionforIncomeTaxes": 97.03,
        "researchDevelopment": 275.078,
        "revenue": 2478.14,
        "sgaExpense": 180.926,
        "totalOperatingExpense": 456.004,
        "totalOtherIncomeExpenseNet": -1.461
      },
      {
        "costOfGoodsSold": 1275.946,
        "dilutedAverageSharesOutstanding": 1864.25,
        "dilutedEPS": 0.28,
        "ebit": 608.318,
        "grossIncome": 1068.961,
        "interestExpense": 24.912,
        "interestIncomeExpense": -10.952,
        "netIncome": 526.424,
        "netIncomeAfterTaxes": 526.424,
        "nonRecurringItems": 0.073,
        "period": "2017-06-25",
        "pretaxIncome": 603.495,
        "provisionforIncomeTaxes": 77.071,
        "researchDevelopment": 285.712,
        "revenue": 2344.907,
        "sgaExpense": 174.931,
        "totalOperatingExpense": 460.643,
        "totalOtherIncomeExpenseNet": 6.056
      },
      {
        "costOfGoodsSold": 1182.591,
        "dilutedAverageSharesOutstanding": 1850.94,
        "dilutedEPS": 0.31,
        "ebit": 538.342,
        "grossIncome": 971.404,
        "interestExpense": 24.752,
        "interestIncomeExpense": -7.668,
        "netIncome": 574.713,
        "netIncomeAfterTaxes": 574.713,
        "period": "2017-03-26",
        "pretaxIncome": 530.58,
        "provisionforIncomeTaxes": -44.133,
        "researchDevelopment": 265.986,
        "revenue": 2153.995,
        "sgaExpense": 167.076,
        "totalOperatingExpense": 433.062,
        "totalOtherIncomeExpenseNet": -0.094
      },
      {
        "costOfGoodsSold": 1035.502,
        "dilutedAverageSharesOutstanding": 1835.43,
        "dilutedEPS": 0.18,
        "ebit": 439.843,
        "grossIncome": 846.797,
        "interestExpense": 26.641,
        "interestIncomeExpense": -14.697,
        "netIncome": 332.791,
        "netIncomeAfterTaxes": 332.791,
        "nonRecurringItems": -36.325,
        "period": "2016-12-25",
        "pretaxIncome": 384.805,
        "provisionforIncomeTaxes": 52.014,
        "researchDevelopment": 246.804,
        "revenue": 1882.299,
        "sgaExpense": 160.15,
        "totalOperatingExpense": 406.954,
        "totalOtherIncomeExpenseNet": -4.016
      },
      {
        "costOfGoodsSold": 916.222,
        "dilutedAverageSharesOutstanding": 1800.17,
        "dilutedEPS": 0.15,
        "ebit": 315.968,
        "grossIncome": 716.197,
        "interestExpense": 41.429,
        "interestIncomeExpense": -27.468,
        "netIncome": 263.835,
        "netIncomeAfterTaxes": 263.835,
        "period": "2016-09-25",
        "pretaxIncome": 292.793,
        "provisionforIncomeTaxes": 28.958,
        "researchDevelopment": 235.24,
        "revenue": 1632.419,
        "sgaExpense": 164.989,
        "totalOperatingExpense": 400.229,
        "totalOtherIncomeExpenseNet": 4.293
      },
      {
        "costOfGoodsSold": 847.477,
        "dilutedAverageSharesOutstanding": 1776.49,
        "dilutedEPS": 0.15,
        "ebit": 309.357,
        "gainLossOnDispositionOfAssets": 0,
        "grossIncome": 698.784,
        "interestExpense": 33.479,
        "interestIncomeExpense": -26.683,
        "netIncome": 258.939,
        "netIncomeAfterTaxes": 258.939,
        "nonRecurringItems": 0,
        "period": "2016-06-26",
        "pretaxIncome": 281.992,
        "provisionforIncomeTaxes": 23.053,
        "researchDevelopment": 237.255,
        "revenue": 1546.261,
        "sgaExpense": 152.172,
        "totalOperatingExpense": 389.427,
        "totalOtherIncomeExpenseNet": -0.682
      },
      {
        "costOfGoodsSold": 742.79,
        "dilutedAverageSharesOutstanding": 1743.73,
        "dilutedEPS": 0.08,
        "ebit": 190.725,
        "grossIncome": 571.265,
        "interestExpense": 38.056,
        "interestIncomeExpense": -27.423,
        "netIncome": 143.451,
        "netIncomeAfterTaxes": 143.451,
        "period": "2016-03-27",
        "pretaxIncome": 160.919,
        "provisionforIncomeTaxes": 17.468,
        "researchDevelopment": 221.494,
        "revenue": 1314.055,
        "sgaExpense": 159.046,
        "totalOperatingExpense": 380.54,
        "totalOtherIncomeExpenseNet": -2.383
      },
      {
        "costOfGoodsSold": 799.024,
        "dilutedAverageSharesOutstanding": 1742.42,
        "dilutedEPS": 0.13,
        "ebit": 238.822,
        "grossIncome": 626.51,
        "interestExpense": 38.577,
        "interestIncomeExpense": -31.324,
        "netIncome": 222.98,
        "netIncomeAfterTaxes": 222.98,
        "period": "2015-12-27",
        "pretaxIncome": 208.899,
        "provisionforIncomeTaxes": -14.081,
        "researchDevelopment": 220.754,
        "revenue": 1425.534,
        "sgaExpense": 166.934,
        "totalOperatingExpense": 387.688,
        "totalOtherIncomeExpenseNet": 1.401
      },
      {
        "costOfGoodsSold": 877.68,
        "dilutedAverageSharesOutstanding": 1743.74,
        "dilutedEPS": 0.17,
        "ebit": 335.435,
        "grossIncome": 722.363,
        "interestExpense": 24.661,
        "interestIncomeExpense": -19.606,
        "netIncome": 288.679,
        "netIncomeAfterTaxes": 288.679,
        "period": "2015-09-27",
        "pretaxIncome": 308.307,
        "provisionforIncomeTaxes": 19.628,
        "researchDevelopment": 234.209,
        "revenue": 1600.043,
        "sgaExpense": 152.719,
        "totalOperatingExpense": 386.928,
        "totalOtherIncomeExpenseNet": -7.522
      }
    ],
    "symbol": "LRCX"
  }
}