{
  "symbol": "IRM",
  "statement": "ic",
  "frequency": "quarterly",
  "timestamp": "2025-09-19T14:02:22.829029",
  "data": {
    "financials": [
      {
        "costOfGoodsSold": 575.006,
        "depreciationAmortization": 252.566,
        "dilutedAverageSharesOutstanding": 295.364,
        "dilutedEPS": -0.1521,
        "ebit": 314.089,
        "grossIncome": 1136.942,
        "interestExpense": 209.505,
        "interestIncomeExpense": -292.218,
        "minorityInterest": -1.581,
        "netIncome": -44.921,
        "netIncomeAfterTaxes": -43.34,
        "nonRecurringItems": -54.193,
        "period": "2025-06-30",
        "pretaxIncome": -27.044,
        "provisionforIncomeTaxes": 16.296,
        "revenue": 1711.948,
        "sgaExpense": 570.287,
        "totalOperatingExpense": 822.853,
        "totalOtherIncomeExpenseNet": 5.278
      },
      {
        "costOfGoodsSold": 536.896,
        "depreciationAmortization": 232.154,
        "dilutedAverageSharesOutstanding": 297.26,
        "dilutedEPS": 0.0537,
        "ebit": 320.434,
        "grossIncome": 1055.633,
        "interestExpense": 198.201,
        "interestIncomeExpense": -224.401,
        "minorityInterest": -0.281,
        "netIncome": 15.952,
        "netIncomeAfterTaxes": 16.233,
        "nonRecurringItems": -66.14,
        "period": "2025-03-31",
        "pretaxIncome": 31.068,
        "provisionforIncomeTaxes": 14.835,
        "revenue": 1592.529,
        "sgaExpense": 503.045,
        "totalOperatingExpense": 735.199,
        "totalOtherIncomeExpenseNet": 1.175
      },
      {
        "costOfGoodsSold": 518.762,
        "depreciationAmortization": 234.609,
        "dilutedAverageSharesOutstanding": 297.2,
        "dilutedEPS": 0.3497,
        "ebit": 324.43,
        "grossIncome": 1062.517,
        "interestExpense": 204.75,
        "interestIncomeExpense": -124.097,
        "minorityInterest": -1.753,
        "netIncome": 103.932,
        "netIncomeAfterTaxes": 105.685,
        "nonRecurringItems": -42.253,
        "period": "2024-12-31",
        "pretaxIncome": 124.229,
        "provisionforIncomeTaxes": 18.544,
        "revenue": 1581.279,
        "sgaExpense": 503.478,
        "totalOperatingExpense": 738.087,
        "totalOtherIncomeExpenseNet": -33.851
      },
      {
        "costOfGoodsSold": 510.082,
        "depreciationAmortization": 232.24,
        "dilutedAverageSharesOutstanding": 293.603,
        "dilutedEPS": -0.1145,
        "ebit": 304.799,
        "grossIncome": 1047.276,
        "interestExpense": 187.016,
        "interestIncomeExpense": -232.724,
        "minorityInterest": 0.045,
        "netIncome": -33.62,
        "netIncomeAfterTaxes": -33.665,
        "nonRecurringItems": -59.052,
        "period": "2024-09-30",
        "pretaxIncome": -21.265,
        "provisionforIncomeTaxes": 12.4,
        "revenue": 1557.358,
        "sgaExpense": 510.237,
        "totalOperatingExpense": 742.477,
        "totalOtherIncomeExpenseNet": -34.288
      },
      {
        "costOfGoodsSold": 503.236,
        "depreciationAmortization": 224.501,
        "dilutedAverageSharesOutstanding": 295.838,
        "dilutedEPS": 0.121,
        "ebit": 289.099,
        "grossIncome": 1031.173,
        "interestExpense": 176.521,
        "interestIncomeExpense": -177.534,
        "minorityInterest": 1.162,
        "netIncome": 35.783,
        "netIncomeAfterTaxes": 34.621,
        "nonRecurringItems": -58.805,
        "period": "2024-06-30",
        "pretaxIncome": 47.94,
        "provisionforIncomeTaxes": 13.319,
        "revenue": 1534.409,
        "sgaExpense": 517.573,
        "totalOperatingExpense": 742.074,
        "totalOtherIncomeExpenseNet": -4.82
      },
      {
        "costOfGoodsSold": 481.509,
        "depreciationAmortization": 209.555,
        "dilutedAverageSharesOutstanding": 295.221,
        "dilutedEPS": 0.2509,
        "ebit": 294.588,
        "grossIncome": 995.354,
        "interestExpense": 168.179,
        "interestIncomeExpense": -148.14,
        "minorityInterest": -2.964,
        "netIncome": 74.061,
        "netIncomeAfterTaxes": 77.025,
        "nonRecurringItems": -48.965,
        "period": "2024-03-31",
        "pretaxIncome": 93.634,
        "provisionforIncomeTaxes": 16.609,
        "revenue": 1476.863,
        "sgaExpense": 491.211,
        "totalOperatingExpense": 700.766,
        "totalOtherIncomeExpenseNet": -3.849
      },
      {
        "costOfGoodsSold": 429.593,
        "depreciationAmortization": 199.941,
        "dilutedAverageSharesOutstanding": 295.015,
        "dilutedEPS": 0.0965,
        "ebit": 303.627,
        "grossIncome": 990.236,
        "interestExpense": 154.999,
        "interestIncomeExpense": -188.406,
        "minorityInterest": -0.712,
        "netIncome": 28.482,
        "netIncomeAfterTaxes": 29.194,
        "nonRecurringItems": -72.87,
        "period": "2023-12-31",
        "pretaxIncome": 38.212,
        "provisionforIncomeTaxes": 9.018,
        "revenue": 1419.829,
        "sgaExpense": 486.668,
        "totalOperatingExpense": 686.609,
        "totalOtherIncomeExpenseNet": -4.139
      },
      {
        "costOfGoodsSold": 420.2,
        "depreciationAmortization": 198.8,
        "dilutedAverageSharesOutstanding": 294.3,
        "dilutedEPS": 0.31,
        "ebit": 282.2,
        "grossIncome": 968,
        "interestExpense": 156.86,
        "interestIncomeExpense": -123.5,
        "minorityInterest": -0.3,
        "netIncome": 91,
        "netIncomeAfterTaxes": 91.4,
        "nonRecurringItems": -44.4,
        "period": "2023-09-30",
        "pretaxIncome": 101.3,
        "provisionforIncomeTaxes": 9.9,
        "revenue": 1388.2,
        "sgaExpense": 487.1,
        "totalOperatingExpense": 685.7,
        "totalOtherIncomeExpenseNet": -13
      },
      {
        "costOfGoodsSold": 431.4,
        "depreciationAmortization": 195.4,
        "dilutedAverageSharesOutstanding": 293.5,
        "dilutedEPS": 0,
        "ebit": 258.1,
        "grossIncome": 926.5,
        "interestExpense": 146.468,
        "interestIncomeExpense": -159.2,
        "minorityInterest": -1,
        "netIncome": 0.1,
        "netIncomeAfterTaxes": 1.1,
        "nonRecurringItems": -45.6,
        "period": "2023-06-30",
        "pretaxIncome": 5.4,
        "provisionforIncomeTaxes": 4.3,
        "revenue": 1357.9,
        "sgaExpense": 473,
        "totalOperatingExpense": 668.4,
        "totalOtherIncomeExpenseNet": -47.9
      },
      {
        "costOfGoodsSold": 415.8,
        "depreciationAmortization": 182.1,
        "dilutedAverageSharesOutstanding": 293,
        "dilutedEPS": 0.22,
        "ebit": 266.1,
        "grossIncome": 898.6,
        "interestExpense": 140.076,
        "interestIncomeExpense": -151.6,
        "minorityInterest": -0.9,
        "netIncome": 64.6,
        "netIncomeAfterTaxes": 65.5,
        "nonRecurringItems": -25.4,
        "period": "2023-03-31",
        "pretaxIncome": 82.3,
        "provisionforIncomeTaxes": 16.8,
        "revenue": 1314.3,
        "sgaExpense": 450.4,
        "totalOperatingExpense": 632.5,
        "totalOtherIncomeExpenseNet": -6.8
      },
      {
        "costOfGoodsSold": 394.6,
        "depreciationAmortization": 190.6,
        "dilutedAverageSharesOutstanding": 292.9,
        "dilutedEPS": 0.42,
        "ebit": 269.3,
        "grossIncome": 884.5,
        "interestExpense": 139.029,
        "interestIncomeExpense": -201.8,
        "minorityInterest": -3.2,
        "netIncome": 122.4,
        "netIncomeAfterTaxes": 125.7,
        "nonRecurringItems": -21.1,
        "period": "2022-12-31",
        "pretaxIncome": 143,
        "provisionforIncomeTaxes": 17.4,
        "revenue": 1279,
        "sgaExpense": 424.6,
        "totalOperatingExpense": 615.2,
        "totalOtherIncomeExpenseNet": 96.7
      },
      {
        "costOfGoodsSold": 400.7,
        "depreciationAmortization": 175.1,
        "dilutedAverageSharesOutstanding": 292.6,
        "dilutedEPS": 0.66,
        "ebit": 280.6,
        "grossIncome": 886.2,
        "interestExpense": 123.943,
        "interestIncomeExpense": -63.2,
        "minorityInterest": -0.8,
        "netIncome": 192.2,
        "netIncomeAfterTaxes": 192.9,
        "nonRecurringItems": 5.2,
        "period": "2022-09-30",
        "pretaxIncome": 216.9,
        "provisionforIncomeTaxes": 23.9,
        "revenue": 1286.9,
        "sgaExpense": 430.6,
        "totalOperatingExpense": 605.7,
        "totalOtherIncomeExpenseNet": -5.6
      },
      {
        "costOfGoodsSold": 416.6,
        "depreciationAmortization": 178.3,
        "dilutedAverageSharesOutstanding": 292.2,
        "dilutedEPS": 0.68,
        "ebit": 259.4,
        "grossIncome": 872.9,
        "interestExpense": 117.228,
        "interestIncomeExpense": -60,
        "minorityInterest": -1.8,
        "netIncome": 200.1,
        "netIncomeAfterTaxes": 201.9,
        "nonRecurringItems": 34.4,
        "period": "2022-06-30",
        "pretaxIncome": 219.9,
        "provisionforIncomeTaxes": 18.1,
        "revenue": 1289.5,
        "sgaExpense": 435.3,
        "totalOperatingExpense": 613.6,
        "totalOtherIncomeExpenseNet": -13.8
      },
      {
        "costOfGoodsSold": 403.1,
        "depreciationAmortization": 183.6,
        "dilutedAverageSharesOutstanding": 291.8,
        "dilutedEPS": 0.14,
        "ebit": 237.1,
        "grossIncome": 845,
        "interestExpense": 116.09,
        "interestIncomeExpense": -101.2,
        "minorityInterest": 0.6,
        "netIncome": 42.3,
        "netIncomeAfterTaxes": 41.7,
        "nonRecurringItems": -15.6,
        "period": "2022-03-31",
        "pretaxIncome": 51.8,
        "provisionforIncomeTaxes": 10.1,
        "revenue": 1248,
        "sgaExpense": 424.3,
        "totalOperatingExpense": 607.9,
        "totalOtherIncomeExpenseNet": -68.4
      },
      {
        "costOfGoodsSold": 342.3,
        "depreciationAmortization": 173.3,
        "dilutedAverageSharesOutstanding": 291.8,
        "dilutedEPS": 0.21,
        "ebit": 244.8,
        "grossIncome": 817.3,
        "interestExpense": 105.993,
        "interestIncomeExpense": -104.9,
        "minorityInterest": 0.2,
        "netIncome": 61.6,
        "netIncomeAfterTaxes": 61.5,
        "nonRecurringItems": -48.4,
        "period": "2021-12-31",
        "pretaxIncome": 84.7,
        "provisionforIncomeTaxes": 23.2,
        "revenue": 1159.6,
        "sgaExpense": 399.2,
        "totalOperatingExpense": 572.5,
        "totalOtherIncomeExpenseNet": -6.8
      },
      {
        "costOfGoodsSold": 341.1,
        "depreciationAmortization": 174.8,
        "dilutedAverageSharesOutstanding": 291.5,
        "dilutedEPS": 0.23,
        "ebit": 232,
        "grossIncome": 789,
        "interestExpense": 105.969,
        "interestIncomeExpense": -80.6,
        "minorityInterest": -0.4,
        "netIncome": 67.7,
        "netIncomeAfterTaxes": 68.1,
        "nonRecurringItems": -50.6,
        "period": "2021-09-30",
        "pretaxIncome": 96.1,
        "provisionforIncomeTaxes": 28,
        "revenue": 1130.1,
        "sgaExpense": 382.1,
        "totalOperatingExpense": 557,
        "totalOtherIncomeExpenseNet": -4.7
      },
      {
        "costOfGoodsSold": 339.5,
        "depreciationAmortization": 166.7,
        "dilutedAverageSharesOutstanding": 291.1,
        "dilutedEPS": 0.95,
        "ebit": 218.7,
        "grossIncome": 780.3,
        "interestExpense": 106.347,
        "interestIncomeExpense": -100.5,
        "minorityInterest": -1.2,
        "netIncome": 275.3,
        "netIncomeAfterTaxes": 276.5,
        "nonRecurringItems": 87.2,
        "period": "2021-06-30",
        "pretaxIncome": 386.9,
        "provisionforIncomeTaxes": 110.4,
        "revenue": 1119.8,
        "sgaExpense": 394.9,
        "totalOperatingExpense": 561.5,
        "totalOtherIncomeExpenseNet": 181.5
      },
      {
        "costOfGoodsSold": 319.2,
        "depreciationAmortization": 165.6,
        "dilutedAverageSharesOutstanding": 289.5,
        "dilutedEPS": 0.16,
        "ebit": 205.8,
        "grossIncome": 762.8,
        "interestExpense": 106.993,
        "interestIncomeExpense": -106.7,
        "minorityInterest": -1,
        "netIncome": 45.6,
        "netIncomeAfterTaxes": 46.6,
        "nonRecurringItems": -35.4,
        "period": "2021-03-31",
        "pretaxIncome": 61.3,
        "provisionforIncomeTaxes": 14.6,
        "revenue": 1082,
        "sgaExpense": 391.4,
        "totalOperatingExpense": 557,
        "totalOtherIncomeExpenseNet": -2.4
      },
      {
        "costOfGoodsSold": 168.3,
        "depreciationAmortization": 168.4,
        "dilutedAverageSharesOutstanding": 289.2,
        "dilutedEPS": 0.86,
        "ebit": 352.4,
        "grossIncome": 891.3,
        "interestExpense": 106.948,
        "interestIncomeExpense": -141.3,
        "minorityInterest": 0.7,
        "netIncome": 247.4,
        "netIncomeAfterTaxes": 246.8,
        "nonRecurringItems": 72.9,
        "period": "2020-12-31",
        "pretaxIncome": 243.1,
        "provisionforIncomeTaxes": -3.7,
        "revenue": 1059.7,
        "sgaExpense": 370.6,
        "totalOperatingExpense": 539,
        "totalOtherIncomeExpenseNet": -41
      },
      {
        "costOfGoodsSold": 311.8,
        "depreciationAmortization": 157.3,
        "dilutedAverageSharesOutstanding": 288.8,
        "dilutedEPS": 0.13,
        "ebit": 212.8,
        "grossIncome": 724.9,
        "interestExpense": 106.779,
        "interestIncomeExpense": -133.9,
        "minorityInterest": -0.2,
        "netIncome": 38.4,
        "netIncomeAfterTaxes": 38.6,
        "nonRecurringItems": -23.8,
        "period": "2020-09-30",
        "pretaxIncome": 52.5,
        "provisionforIncomeTaxes": 13.9,
        "revenue": 1036.6,
        "sgaExpense": 354.8,
        "totalOperatingExpense": 512,
        "totalOtherIncomeExpenseNet": -2.6
      },
      {
        "costOfGoodsSold": 282.6,
        "depreciationAmortization": 163.9,
        "dilutedAverageSharesOutstanding": 288.1,
        "dilutedEPS": -0.02,
        "ebit": 179,
        "grossIncome": 699.6,
        "interestExpense": 106.023,
        "interestIncomeExpense": -104.9,
        "minorityInterest": 0,
        "netIncome": -7.1,
        "netIncomeAfterTaxes": -7.1,
        "nonRecurringItems": -64.3,
        "period": "2020-06-30",
        "pretaxIncome": 2.6,
        "provisionforIncomeTaxes": 9.7,
        "revenue": 982.2,
        "sgaExpense": 356.8,
        "totalOperatingExpense": 520.7,
        "totalOtherIncomeExpenseNet": -7.2
      },
      {
        "costOfGoodsSold": 466.9,
        "depreciationAmortization": 162.6,
        "dilutedAverageSharesOutstanding": 288.4,
        "dilutedEPS": 0.22,
        "ebit": 200.5,
        "grossIncome": 601.8,
        "interestExpense": 107.097,
        "interestIncomeExpense": -68.3,
        "minorityInterest": -0.9,
        "netIncome": 64,
        "netIncomeAfterTaxes": 64.9,
        "nonRecurringItems": -63,
        "period": "2020-03-31",
        "pretaxIncome": 74.6,
        "provisionforIncomeTaxes": 9.7,
        "revenue": 1068.7,
        "sgaExpense": 238.7,
        "totalOperatingExpense": 401.3,
        "totalOtherIncomeExpenseNet": 5.3
      },
      {
        "costOfGoodsSold": 455.4,
        "depreciationAmortization": 173.8,
        "dilutedAverageSharesOutstanding": 288.1,
        "dilutedEPS": 0.13,
        "ebit": 212.7,
        "grossIncome": 624.2,
        "interestExpense": 106.626,
        "interestIncomeExpense": -149.6,
        "minorityInterest": 0.6,
        "netIncome": 37.7,
        "netIncomeAfterTaxes": 37.1,
        "nonRecurringItems": -6.6,
        "period": "2019-12-31",
        "pretaxIncome": 53.9,
        "provisionforIncomeTaxes": 16.8,
        "revenue": 1079.6,
        "sgaExpense": 237.8,
        "totalOperatingExpense": 411.5,
        "totalOtherIncomeExpenseNet": -2.6
      },
      {
        "costOfGoodsSold": 449.4,
        "depreciationAmortization": 157.6,
        "dilutedAverageSharesOutstanding": 287.7,
        "dilutedEPS": 0.37,
        "ebit": 218.2,
        "grossIncome": 612.9,
        "interestExpense": 108.235,
        "interestIncomeExpense": -88.4,
        "minorityInterest": -0.6,
        "netIncome": 107.7,
        "netIncomeAfterTaxes": 108.3,
        "nonRecurringItems": 5.3,
        "period": "2019-09-30",
        "pretaxIncome": 130.2,
        "provisionforIncomeTaxes": 21.9,
        "revenue": 1062.2,
        "sgaExpense": 237.2,
        "totalOperatingExpense": 394.7,
        "totalOtherIncomeExpenseNet": -4.8
      },
      {
        "costOfGoodsSold": 463.8,
        "depreciationAmortization": 164.3,
        "dilutedAverageSharesOutstanding": 287.5,
        "dilutedEPS": 0.32,
        "ebit": 186.6,
        "grossIncome": 603.1,
        "interestExpense": 106.775,
        "interestIncomeExpense": -86,
        "minorityInterest": 0,
        "netIncome": 92.4,
        "netIncomeAfterTaxes": 92.3,
        "nonRecurringItems": 6.5,
        "period": "2019-06-30",
        "pretaxIncome": 103,
        "provisionforIncomeTaxes": 10.6,
        "revenue": 1066.9,
        "sgaExpense": 252.2,
        "totalOperatingExpense": 416.5,
        "totalOtherIncomeExpenseNet": -4.1
      },
      {
        "costOfGoodsSold": 460.6,
        "depreciationAmortization": 162.5,
        "dilutedAverageSharesOutstanding": 287.5,
        "dilutedEPS": 0.1,
        "ebit": 162,
        "grossIncome": 593.2,
        "interestExpense": 104.221,
        "interestIncomeExpense": -120.1,
        "minorityInterest": -0.9,
        "netIncome": 29.6,
        "netIncomeAfterTaxes": 30.5,
        "nonRecurringItems": -3.3,
        "period": "2019-03-31",
        "pretaxIncome": 41,
        "provisionforIncomeTaxes": 10.6,
        "revenue": 1053.9,
        "sgaExpense": 268.7,
        "totalOperatingExpense": 431.3,
        "totalOtherIncomeExpenseNet": 2.5
      },
      {
        "costOfGoodsSold": 445.8,
        "depreciationAmortization": 164.9,
        "dilutedAverageSharesOutstanding": 287.1,
        "dilutedEPS": 0.55,
        "ebit": 194.5,
        "grossIncome": 615.7,
        "interestExpense": 107.317,
        "interestIncomeExpense": -86.4,
        "minorityInterest": -0.7,
        "netIncome": 157.8,
        "netIncomeAfterTaxes": 158.6,
        "nonRecurringItems": 59.6,
        "period": "2018-12-31",
        "pretaxIncome": 161.4,
        "provisionforIncomeTaxes": 2.8,
        "revenue": 1061.5,
        "sgaExpense": 256.4,
        "totalOperatingExpense": 421.2,
        "totalOtherIncomeExpenseNet": -6.3
      },
      {
        "costOfGoodsSold": 445.1,
        "depreciationAmortization": 157.8,
        "dilutedAverageSharesOutstanding": 287,
        "dilutedEPS": 0.22,
        "ebit": 204.5,
        "grossIncome": 615.9,
        "interestExpense": 105.32,
        "interestIncomeExpense": -104.6,
        "minorityInterest": 0.1,
        "netIncome": 65.9,
        "netIncomeAfterTaxes": 77.3,
        "nonRecurringItems": -8.9,
        "period": "2018-09-30",
        "pretaxIncome": 91.4,
        "provisionforIncomeTaxes": 14,
        "revenue": 1061,
        "sgaExpense": 253.5,
        "totalOperatingExpense": 411.4,
        "totalOtherIncomeExpenseNet": 0.3
      },
      {
        "costOfGoodsSold": 449.6,
        "depreciationAmortization": 156.2,
        "dilutedAverageSharesOutstanding": 286.6,
        "dilutedEPS": 0.32,
        "ebit": 211.4,
        "grossIncome": 611.2,
        "interestExpense": 104.476,
        "interestIncomeExpense": -83.6,
        "minorityInterest": -0.1,
        "netIncome": 91.8,
        "netIncomeAfterTaxes": 92.3,
        "nonRecurringItems": -9.9,
        "period": "2018-06-30",
        "pretaxIncome": 118.3,
        "provisionforIncomeTaxes": 26.1,
        "revenue": 1060.8,
        "sgaExpense": 243.6,
        "totalOperatingExpense": 399.9,
        "totalOtherIncomeExpenseNet": 0.4
      },
      {
        "costOfGoodsSold": 448.4,
        "depreciationAmortization": 160.6,
        "dilutedAverageSharesOutstanding": 286.4,
        "dilutedEPS": 0.14,
        "ebit": 175,
        "grossIncome": 594,
        "interestExpense": 99.088,
        "interestIncomeExpense": -119.5,
        "minorityInterest": -0.5,
        "netIncome": 38.5,
        "netIncomeAfterTaxes": 39.4,
        "nonRecurringItems": -17.9,
        "period": "2018-03-31",
        "pretaxIncome": 39.3,
        "provisionforIncomeTaxes": -0.1,
        "revenue": 1042.5,
        "sgaExpense": 258.5,
        "totalOperatingExpense": 419,
        "totalOtherIncomeExpenseNet": 1.6
      },
      {
        "costOfGoodsSold": 426,
        "depreciationAmortization": 141.1,
        "dilutedAverageSharesOutstanding": 271.5,
        "dilutedEPS": 0.08,
        "ebit": 159.1,
        "grossIncome": 565.2,
        "interestExpense": 90.505,
        "interestIncomeExpense": -103.9,
        "minorityInterest": 1.2,
        "netIncome": 22.7,
        "netIncomeAfterTaxes": 19,
        "nonRecurringItems": -34.8,
        "period": "2017-12-31",
        "pretaxIncome": 20.2,
        "provisionforIncomeTaxes": 1.1,
        "revenue": 991.2,
        "sgaExpense": 265,
        "totalOperatingExpense": 406.1,
        "totalOtherIncomeExpenseNet": -0.3
      },
      {
        "costOfGoodsSold": 418.3,
        "depreciationAmortization": 128.5,
        "dilutedAverageSharesOutstanding": 266.1,
        "dilutedEPS": 0.1,
        "ebit": 176.5,
        "grossIncome": 547.3,
        "interestExpense": 91.515,
        "interestIncomeExpense": -100.9,
        "minorityInterest": 0,
        "netIncome": 24.3,
        "netIncomeAfterTaxes": 26,
        "nonRecurringItems": -48,
        "period": "2017-09-30",
        "pretaxIncome": 28.3,
        "provisionforIncomeTaxes": 2.3,
        "revenue": 965.7,
        "sgaExpense": 242.4,
        "totalOperatingExpense": 370.9,
        "totalOtherIncomeExpenseNet": 0.7
      },
      {
        "costOfGoodsSold": 414.3,
        "depreciationAmortization": 128.1,
        "dilutedAverageSharesOutstanding": 264.9,
        "dilutedEPS": 0.3,
        "ebit": 170,
        "grossIncome": 535.5,
        "interestExpense": 95.763,
        "interestIncomeExpense": -69.8,
        "minorityInterest": -2.5,
        "netIncome": 78.6,
        "netIncomeAfterTaxes": 81.6,
        "nonRecurringItems": 0.2,
        "otherOperatingExpensesTotal": 0,
        "period": "2017-06-30",
        "pretaxIncome": 99.6,
        "provisionforIncomeTaxes": 18,
        "revenue": 949.8,
        "sgaExpense": 237.4,
        "totalOperatingExpense": 365.5,
        "totalOtherIncomeExpenseNet": -0.8
      },
      {
        "costOfGoodsSold": 426.7,
        "depreciationAmortization": 124.7,
        "dilutedAverageSharesOutstanding": 264.8,
        "dilutedEPS": 0.22,
        "ebit": 147.3,
        "grossIncome": 512.2,
        "interestExpense": 88.348,
        "interestIncomeExpense": -90.2,
        "minorityInterest": -0.4,
        "netIncome": 58.1,
        "netIncomeAfterTaxes": 58.8,
        "nonRecurringItems": 0.5,
        "period": "2017-03-31",
        "pretaxIncome": 68.1,
        "provisionforIncomeTaxes": 9.2,
        "revenue": 938.9,
        "sgaExpense": 240.2,
        "totalOperatingExpense": 364.9,
        "totalOtherIncomeExpenseNet": 10.5
      },
      {
        "costOfGoodsSold": 416.2,
        "depreciationAmortization": 125.4,
        "dilutedAverageSharesOutstanding": 264.5,
        "dilutedEPS": 0.19,
        "ebit": 142,
        "grossIncome": 518,
        "interestExpense": 85.434,
        "interestIncomeExpense": -90.5,
        "minorityInterest": -0.6,
        "netIncome": 48.9,
        "netIncomeAfterTaxes": 47.9,
        "nonRecurringItems": -4.1,
        "period": "2016-12-31",
        "pretaxIncome": 46.7,
        "provisionforIncomeTaxes": -1.2,
        "revenue": 934.2,
        "sgaExpense": 250.5,
        "totalOperatingExpense": 376,
        "totalOtherIncomeExpenseNet": -0.7
      },
      {
        "costOfGoodsSold": 429.8,
        "depreciationAmortization": 124.7,
        "dilutedAverageSharesOutstanding": 264.5,
        "dilutedEPS": 0.02,
        "ebit": 135.4,
        "grossIncome": 513,
        "interestExpense": 85.418,
        "interestIncomeExpense": -94,
        "minorityInterest": -0.7,
        "netIncome": 7.1,
        "netIncomeAfterTaxes": 5.4,
        "nonRecurringItems": 0.1,
        "period": "2016-09-30",
        "pretaxIncome": 28.9,
        "provisionforIncomeTaxes": 23.4,
        "revenue": 942.8,
        "sgaExpense": 252.9,
        "totalOperatingExpense": 377.7,
        "totalOtherIncomeExpenseNet": -12.6
      },
      {
        "costOfGoodsSold": 395.6,
        "depreciationAmortization": 115,
        "dilutedAverageSharesOutstanding": 246.4,
        "dilutedEPS": -0.06,
        "ebit": 96,
        "grossIncome": 488.1,
        "interestExpense": 77.01,
        "interestIncomeExpense": -92.1,
        "minorityInterest": -0.8,
        "netIncome": -14,
        "netIncomeAfterTaxes": -14.7,
        "nonRecurringItems": -8.7,
        "period": "2016-06-30",
        "pretaxIncome": -3.9,
        "provisionforIncomeTaxes": 10.8,
        "revenue": 883.7,
        "sgaExpense": 277.1,
        "totalOperatingExpense": 392.1,
        "totalOtherIncomeExpenseNet": 0.8
      },
      {
        "costOfGoodsSold": 326.1,
        "depreciationAmortization": 87.2,
        "dilutedAverageSharesOutstanding": 212.5,
        "dilutedEPS": 0.3,
        "ebit": 129.6,
        "grossIncome": 424.6,
        "interestExpense": 68.349,
        "interestIncomeExpense": -79.6,
        "minorityInterest": -0.3,
        "netIncome": 62.8,
        "netIncomeAfterTaxes": 63,
        "nonRecurringItems": 0.5,
        "period": "2016-03-31",
        "pretaxIncome": 74.9,
        "provisionforIncomeTaxes": 11.9,
        "revenue": 750.7,
        "sgaExpense": 207.8,
        "totalOperatingExpense": 295,
        "totalOtherIncomeExpenseNet": 24.5
      },
      {
        "costOfGoodsSold": 321,
        "depreciationAmortization": 85.5,
        "dilutedAverageSharesOutstanding": 212.2,
        "dilutedEPS": 0.03,
        "ebit": 148.9,
        "grossIncome": 431.4,
        "interestExpense": 68.958,
        "interestIncomeExpense": -82.3,
        "minorityInterest": -0.2,
        "netIncome": 5.7,
        "netIncomeAfterTaxes": 5.9,
        "nonRecurringItems": -50.8,
        "period": "2015-12-31",
        "pretaxIncome": 16.5,
        "provisionforIncomeTaxes": 10.6,
        "revenue": 752.4,
        "sgaExpense": 197,
        "totalOperatingExpense": 282.5,
        "totalOtherIncomeExpenseNet": 0.7
      },
      {
        "costOfGoodsSold": 317.7,
        "depreciationAmortization": 86.5,
        "dilutedAverageSharesOutstanding": 211.9,
        "dilutedEPS": 0.11,
        "ebit": 126.7,
        "grossIncome": 428.9,
        "interestExpense": 66.267,
        "interestIncomeExpense": -97.7,
        "minorityInterest": -0.4,
        "netIncome": 23.1,
        "netIncomeAfterTaxes": 22.7,
        "nonRecurringItems": -2,
        "period": "2015-09-30",
        "pretaxIncome": 26.4,
        "provisionforIncomeTaxes": 3.8,
        "revenue": 746.5,
        "sgaExpense": 215.7,
        "totalOperatingExpense": 302.2,
        "totalOtherIncomeExpenseNet": -0.6
      }
    ],
    "symbol": "IRM"
  }
}