{
  "symbol": "EXPE",
  "statement": "ic",
  "frequency": "quarterly",
  "timestamp": "2025-09-19T14:00:12.242028",
  "data": {
    "financials": [
      {
        "costOfGoodsSold": 377,
        "depreciationAmortization": 223,
        "dilutedAverageSharesOutstanding": 132.809,
        "dilutedEPS": 2.4848,
        "ebit": 531,
        "grossIncome": 3409,
        "interestExpense": 58,
        "interestIncomeExpense": -110,
        "minorityInterest": 8,
        "netIncome": 330,
        "netIncomeAfterTaxes": 322,
        "nonRecurringItems": -46,
        "otherOperatingExpensesTotal": 10,
        "period": "2025-06-30",
        "pretaxIncome": 423,
        "provisionforIncomeTaxes": 101,
        "researchDevelopment": 325,
        "revenue": 3786,
        "sgaExpense": 2320,
        "totalOperatingExpense": 2878,
        "totalOtherIncomeExpenseNet": 48
      },
      {
        "costOfGoodsSold": 357,
        "depreciationAmortization": 219,
        "dilutedAverageSharesOutstanding": 128.641,
        "dilutedEPS": -1.5547,
        "ebit": -44,
        "grossIncome": 2631,
        "interestExpense": 58,
        "interestIncomeExpense": -171,
        "minorityInterest": -3,
        "netIncome": -200,
        "netIncomeAfterTaxes": -197,
        "nonRecurringItems": -23,
        "otherOperatingExpensesTotal": -3,
        "period": "2025-03-31",
        "pretaxIncome": -217,
        "provisionforIncomeTaxes": -20,
        "researchDevelopment": 320,
        "revenue": 2988,
        "sgaExpense": 2139,
        "totalOperatingExpense": 2675,
        "totalOtherIncomeExpenseNet": 21
      },
      {
        "costOfGoodsSold": 335,
        "depreciationAmortization": 212,
        "dilutedAverageSharesOutstanding": 135.711,
        "dilutedEPS": 2.2032,
        "ebit": 356,
        "grossIncome": 2849,
        "interestExpense": 62,
        "interestIncomeExpense": 119,
        "minorityInterest": -2,
        "netIncome": 299,
        "netIncomeAfterTaxes": 301,
        "nonRecurringItems": -140,
        "otherOperatingExpensesTotal": 21,
        "period": "2024-12-31",
        "pretaxIncome": 335,
        "provisionforIncomeTaxes": 34,
        "researchDevelopment": 322,
        "revenue": 3184,
        "sgaExpense": 1938,
        "totalOperatingExpense": 2493,
        "totalOtherIncomeExpenseNet": 0
      },
      {
        "costOfGoodsSold": 391,
        "depreciationAmortization": 211,
        "dilutedAverageSharesOutstanding": 135.732,
        "dilutedEPS": 5,
        "ebit": 860,
        "grossIncome": 3669,
        "interestExpense": 61,
        "interestIncomeExpense": 6,
        "minorityInterest": -3,
        "netIncome": 678,
        "netIncomeAfterTaxes": 684,
        "nonRecurringItems": -98,
        "otherOperatingExpensesTotal": 141,
        "period": "2024-09-30",
        "pretaxIncome": 874,
        "provisionforIncomeTaxes": 190,
        "researchDevelopment": 320,
        "revenue": 4060,
        "sgaExpense": 2137,
        "totalOperatingExpense": 2809,
        "totalOtherIncomeExpenseNet": 106
      },
      {
        "costOfGoodsSold": 362,
        "depreciationAmortization": 205,
        "dilutedAverageSharesOutstanding": 137.832,
        "dilutedEPS": 2.8,
        "ebit": 490,
        "grossIncome": 3196,
        "interestExpense": 61,
        "interestIncomeExpense": 46,
        "minorityInterest": 11,
        "netIncome": 386,
        "netIncomeAfterTaxes": 375,
        "nonRecurringItems": -33,
        "otherOperatingExpensesTotal": -3,
        "period": "2024-06-30",
        "pretaxIncome": 488,
        "provisionforIncomeTaxes": 113,
        "researchDevelopment": 331,
        "revenue": 3558,
        "sgaExpense": 2173,
        "totalOperatingExpense": 2706,
        "totalOtherIncomeExpenseNet": -15
      },
      {
        "costOfGoodsSold": 358,
        "depreciationAmortization": 210,
        "dilutedAverageSharesOutstanding": 135.501,
        "dilutedEPS": -1,
        "ebit": -42,
        "grossIncome": 2531,
        "interestExpense": 62,
        "interestIncomeExpense": -33,
        "minorityInterest": 1,
        "netIncome": -135,
        "netIncomeAfterTaxes": -136,
        "nonRecurringItems": -65,
        "otherOperatingExpensesTotal": -5,
        "period": "2024-03-31",
        "pretaxIncome": -155,
        "provisionforIncomeTaxes": -19,
        "researchDevelopment": 341,
        "revenue": 2889,
        "sgaExpense": 2027,
        "totalOperatingExpense": 2573,
        "totalOtherIncomeExpenseNet": -15
      },
      {
        "costOfGoodsSold": 340,
        "depreciationAmortization": 208,
        "dilutedAverageSharesOutstanding": 144.396,
        "dilutedEPS": 0.91,
        "ebit": 220,
        "grossIncome": 2547,
        "interestExpense": 61,
        "interestIncomeExpense": 67,
        "minorityInterest": -4,
        "netIncome": 132,
        "netIncomeAfterTaxes": 136,
        "nonRecurringItems": -115,
        "otherOperatingExpensesTotal": 5,
        "period": "2023-12-31",
        "pretaxIncome": 171,
        "provisionforIncomeTaxes": 35,
        "researchDevelopment": 357,
        "revenue": 2887,
        "sgaExpense": 1757,
        "totalOperatingExpense": 2327,
        "totalOtherIncomeExpenseNet": -1
      },
      {
        "costOfGoodsSold": 412,
        "depreciationAmortization": 208,
        "dilutedAverageSharesOutstanding": 147.748,
        "dilutedEPS": 2.88,
        "ebit": 919,
        "grossIncome": 3517,
        "interestExpense": 62,
        "interestIncomeExpense": -164,
        "minorityInterest": 120,
        "netIncome": 425,
        "netIncomeAfterTaxes": 305,
        "nonRecurringItems": -312,
        "otherOperatingExpensesTotal": -9,
        "period": "2023-09-30",
        "pretaxIncome": 444,
        "provisionforIncomeTaxes": 139,
        "researchDevelopment": 340,
        "revenue": 3929,
        "sgaExpense": 2059,
        "totalOperatingExpense": 2598,
        "totalOtherIncomeExpenseNet": 1
      },
      {
        "costOfGoodsSold": 407,
        "depreciationAmortization": 199,
        "dilutedAverageSharesOutstanding": 151.844,
        "dilutedEPS": 2.54,
        "ebit": 444,
        "grossIncome": 2951,
        "interestExpense": 61,
        "interestIncomeExpense": 20,
        "minorityInterest": -2,
        "netIncome": 385,
        "netIncomeAfterTaxes": 387,
        "nonRecurringItems": 1,
        "otherOperatingExpensesTotal": -11,
        "period": "2023-06-30",
        "pretaxIncome": 464,
        "provisionforIncomeTaxes": 77,
        "researchDevelopment": 344,
        "revenue": 3358,
        "sgaExpense": 1975,
        "totalOperatingExpense": 2507,
        "totalOtherIncomeExpenseNet": -1
      },
      {
        "costOfGoodsSold": 414,
        "depreciationAmortization": 192,
        "dilutedAverageSharesOutstanding": 152.477,
        "dilutedEPS": -0.95,
        "ebit": -116,
        "grossIncome": 2251,
        "interestExpense": 61,
        "interestIncomeExpense": -30,
        "minorityInterest": -5,
        "netIncome": -145,
        "netIncomeAfterTaxes": -140,
        "nonRecurringItems": 84,
        "otherOperatingExpensesTotal": -14,
        "period": "2023-03-31",
        "pretaxIncome": -61,
        "provisionforIncomeTaxes": 79,
        "researchDevelopment": 317,
        "revenue": 2665,
        "sgaExpense": 1872,
        "totalOperatingExpense": 2367,
        "totalOtherIncomeExpenseNet": 1
      },
      {
        "costOfGoodsSold": 412,
        "depreciationAmortization": 199,
        "dilutedAverageSharesOutstanding": 159.519,
        "dilutedEPS": 1.11,
        "ebit": 128,
        "grossIncome": 2206,
        "interestExpense": 60,
        "interestIncomeExpense": 52,
        "minorityInterest": 2,
        "netIncome": 177,
        "netIncomeAfterTaxes": 175,
        "nonRecurringItems": 6,
        "otherOperatingExpensesTotal": -4,
        "period": "2022-12-31",
        "pretaxIncome": 183,
        "provisionforIncomeTaxes": 8,
        "researchDevelopment": 317,
        "revenue": 2618,
        "sgaExpense": 1566,
        "totalOperatingExpense": 2078,
        "totalOtherIncomeExpenseNet": -3
      },
      {
        "costOfGoodsSold": 455,
        "depreciationAmortization": 199,
        "dilutedAverageSharesOutstanding": 161.829,
        "dilutedEPS": 2.98,
        "ebit": 799,
        "grossIncome": 3164,
        "interestExpense": 63,
        "interestIncomeExpense": -130,
        "minorityInterest": 6,
        "netIncome": 482,
        "netIncomeAfterTaxes": 476,
        "nonRecurringItems": 21,
        "otherOperatingExpensesTotal": -13,
        "period": "2022-09-30",
        "pretaxIncome": 690,
        "provisionforIncomeTaxes": 214,
        "researchDevelopment": 310,
        "revenue": 3619,
        "sgaExpense": 1869,
        "totalOperatingExpense": 2365,
        "totalOtherIncomeExpenseNet": 0
      },
      {
        "costOfGoodsSold": 419,
        "depreciationAmortization": 197,
        "dilutedAverageSharesOutstanding": 157.29,
        "dilutedEPS": -1.18,
        "ebit": 376,
        "grossIncome": 2762,
        "interestExpense": 73,
        "interestIncomeExpense": -450,
        "minorityInterest": 0,
        "netIncome": -185,
        "netIncomeAfterTaxes": -185,
        "nonRecurringItems": -55,
        "otherOperatingExpensesTotal": -6,
        "period": "2022-06-30",
        "pretaxIncome": -127,
        "provisionforIncomeTaxes": 58,
        "researchDevelopment": 284,
        "revenue": 3181,
        "sgaExpense": 1911,
        "totalOperatingExpense": 2386,
        "totalOtherIncomeExpenseNet": 2
      },
      {
        "costOfGoodsSold": 371,
        "depreciationAmortization": 197,
        "dilutedAverageSharesOutstanding": 156.336,
        "dilutedEPS": -0.78,
        "ebit": -114,
        "grossIncome": 1878,
        "interestExpense": 81,
        "interestIncomeExpense": -74,
        "minorityInterest": 1,
        "netIncome": -122,
        "netIncomeAfterTaxes": -123,
        "nonRecurringItems": -21,
        "otherOperatingExpensesTotal": -2,
        "period": "2022-03-31",
        "pretaxIncome": -208,
        "provisionforIncomeTaxes": -85,
        "researchDevelopment": 270,
        "revenue": 2249,
        "sgaExpense": 1527,
        "totalOperatingExpense": 1992,
        "totalOtherIncomeExpenseNet": 1
      },
      {
        "costOfGoodsSold": 395,
        "depreciationAmortization": 199,
        "dilutedAverageSharesOutstanding": 153.577,
        "dilutedEPS": 1.8,
        "ebit": 184,
        "grossIncome": 1884,
        "interestExpense": 84,
        "interestIncomeExpense": -108,
        "minorityInterest": -9,
        "netIncome": 276,
        "netIncomeAfterTaxes": 395,
        "nonRecurringItems": 380,
        "otherOperatingExpensesTotal": -16,
        "period": "2021-12-31",
        "pretaxIncome": 471,
        "provisionforIncomeTaxes": 76,
        "researchDevelopment": 274,
        "revenue": 2279,
        "sgaExpense": 1243,
        "totalOperatingExpense": 1700,
        "totalOtherIncomeExpenseNet": 15
      },
      {
        "costOfGoodsSold": 442,
        "depreciationAmortization": 201,
        "dilutedAverageSharesOutstanding": 160.46,
        "dilutedEPS": 2.26,
        "ebit": 546,
        "grossIncome": 2520,
        "interestExpense": 86,
        "interestIncomeExpense": -119,
        "minorityInterest": -2,
        "netIncome": 362,
        "netIncomeAfterTaxes": 378,
        "nonRecurringItems": 32,
        "otherOperatingExpensesTotal": -12,
        "period": "2021-09-30",
        "pretaxIncome": 465,
        "provisionforIncomeTaxes": 87,
        "researchDevelopment": 277,
        "revenue": 2962,
        "sgaExpense": 1508,
        "totalOperatingExpense": 1974,
        "totalOtherIncomeExpenseNet": 6
      },
      {
        "costOfGoodsSold": 374,
        "depreciationAmortization": 205,
        "dilutedAverageSharesOutstanding": 149.093,
        "dilutedEPS": -2.02,
        "ebit": -127,
        "grossIncome": 1737,
        "interestExpense": 83,
        "interestIncomeExpense": -93,
        "minorityInterest": 5,
        "netIncome": -301,
        "netIncomeAfterTaxes": -177,
        "nonRecurringItems": -4,
        "otherOperatingExpensesTotal": -14,
        "period": "2021-06-30",
        "pretaxIncome": -224,
        "provisionforIncomeTaxes": -47,
        "researchDevelopment": 276,
        "revenue": 2111,
        "sgaExpense": 1397,
        "totalOperatingExpense": 1864
      },
      {
        "costOfGoodsSold": 311,
        "depreciationAmortization": 209,
        "dilutedAverageSharesOutstanding": 145.181,
        "dilutedEPS": -4.17,
        "ebit": -341,
        "grossIncome": 935,
        "interestExpense": 98,
        "interestIncomeExpense": -99,
        "minorityInterest": 3,
        "netIncome": -606,
        "netIncomeAfterTaxes": -581,
        "nonRecurringItems": -310,
        "otherOperatingExpensesTotal": 2,
        "period": "2021-03-31",
        "pretaxIncome": -750,
        "provisionforIncomeTaxes": -169,
        "researchDevelopment": 247,
        "revenue": 1246,
        "sgaExpense": 818,
        "totalOperatingExpense": 1276
      },
      {
        "costOfGoodsSold": 287,
        "depreciationAmortization": 212,
        "dilutedAverageSharesOutstanding": 142.452,
        "dilutedEPS": -2.89,
        "ebit": -437,
        "grossIncome": 633,
        "interestExpense": 102,
        "interestIncomeExpense": -21,
        "minorityInterest": 8,
        "netIncome": -412,
        "netIncomeAfterTaxes": -391,
        "nonRecurringItems": -39,
        "otherOperatingExpensesTotal": 20,
        "period": "2020-12-31",
        "pretaxIncome": -495,
        "provisionforIncomeTaxes": -104,
        "researchDevelopment": 223,
        "revenue": 920,
        "sgaExpense": 615,
        "totalOperatingExpense": 1070,
        "totalOtherIncomeExpenseNet": 2
      },
      {
        "costOfGoodsSold": 375,
        "depreciationAmortization": 220,
        "dilutedAverageSharesOutstanding": 141.306,
        "dilutedEPS": -1.56,
        "ebit": 22,
        "grossIncome": 1129,
        "interestExpense": 113,
        "interestIncomeExpense": -107,
        "minorityInterest": 8,
        "netIncome": -221,
        "netIncomeAfterTaxes": -200,
        "nonRecurringItems": -135,
        "otherOperatingExpensesTotal": 15,
        "period": "2020-09-30",
        "pretaxIncome": -224,
        "provisionforIncomeTaxes": -24,
        "researchDevelopment": 224,
        "revenue": 1504,
        "sgaExpense": 648,
        "totalOperatingExpense": 1107,
        "totalOtherIncomeExpenseNet": -4
      },
      {
        "costOfGoodsSold": 389,
        "depreciationAmortization": 232,
        "dilutedAverageSharesOutstanding": 141.072,
        "dilutedEPS": -5.34,
        "ebit": -758,
        "grossIncome": 177,
        "interestExpense": 95,
        "interestIncomeExpense": -102,
        "minorityInterest": 4,
        "netIncome": -753,
        "netIncomeAfterTaxes": -740,
        "nonRecurringItems": -91,
        "otherOperatingExpensesTotal": 19,
        "period": "2020-06-30",
        "pretaxIncome": -953,
        "provisionforIncomeTaxes": -213,
        "researchDevelopment": 255,
        "revenue": 566,
        "sgaExpense": 429,
        "totalOperatingExpense": 935,
        "totalOtherIncomeExpenseNet": -2
      },
      {
        "costOfGoodsSold": 629,
        "depreciationAmortization": 229,
        "dilutedAverageSharesOutstanding": 140.823,
        "dilutedEPS": -9.24,
        "ebit": -354,
        "grossIncome": 1580,
        "interestExpense": 50,
        "interestIncomeExpense": -183,
        "minorityInterest": 96,
        "netIncome": -1301,
        "netIncomeAfterTaxes": -1397,
        "nonRecurringItems": -940,
        "otherOperatingExpensesTotal": 34,
        "period": "2020-03-31",
        "pretaxIncome": -1479,
        "provisionforIncomeTaxes": -82,
        "researchDevelopment": 308,
        "revenue": 2209,
        "sgaExpense": 1363,
        "totalOperatingExpense": 1934,
        "totalOtherIncomeExpenseNet": -2
      },
      {
        "costOfGoodsSold": 559,
        "depreciationAmortization": 182,
        "dilutedAverageSharesOutstanding": 146.8,
        "dilutedEPS": 0.52,
        "ebit": 177,
        "grossIncome": 2188,
        "interestExpense": 53,
        "interestIncomeExpense": -38,
        "minorityInterest": -2,
        "netIncome": 76,
        "netIncomeAfterTaxes": 78,
        "nonRecurringItems": -17,
        "otherOperatingExpensesTotal": 50,
        "period": "2019-12-31",
        "pretaxIncome": 120,
        "provisionforIncomeTaxes": 42,
        "researchDevelopment": 321,
        "revenue": 2747,
        "sgaExpense": 1458,
        "totalOperatingExpense": 2011,
        "totalOtherIncomeExpenseNet": -2
      },
      {
        "costOfGoodsSold": 569,
        "depreciationAmortization": 186,
        "dilutedAverageSharesOutstanding": 150.635,
        "dilutedEPS": 2.72,
        "ebit": 622,
        "grossIncome": 2989,
        "interestExpense": 40,
        "interestIncomeExpense": -50,
        "minorityInterest": 2,
        "netIncome": 409,
        "netIncomeAfterTaxes": 407,
        "nonRecurringItems": -13,
        "otherOperatingExpensesTotal": 62,
        "period": "2019-09-30",
        "pretaxIncome": 561,
        "provisionforIncomeTaxes": 154,
        "researchDevelopment": 304,
        "revenue": 3558,
        "sgaExpense": 1815,
        "totalOperatingExpense": 2367,
        "totalOtherIncomeExpenseNet": 2
      },
      {
        "costOfGoodsSold": 522,
        "depreciationAmortization": 183,
        "dilutedAverageSharesOutstanding": 151.561,
        "dilutedEPS": 1.21,
        "ebit": 273,
        "grossIncome": 2631,
        "interestExpense": 39,
        "interestIncomeExpense": -30,
        "minorityInterest": -4,
        "netIncome": 183,
        "netIncomeAfterTaxes": 187,
        "nonRecurringItems": -8,
        "otherOperatingExpensesTotal": 57,
        "period": "2019-06-30",
        "pretaxIncome": 235,
        "provisionforIncomeTaxes": 48,
        "researchDevelopment": 304,
        "revenue": 3153,
        "sgaExpense": 1814,
        "totalOperatingExpense": 2358,
        "totalOtherIncomeExpenseNet": 0
      },
      {
        "costOfGoodsSold": 513,
        "depreciationAmortization": 184,
        "dilutedAverageSharesOutstanding": 147.882,
        "dilutedEPS": -0.7,
        "ebit": -111,
        "grossIncome": 2096,
        "interestExpense": 41,
        "interestIncomeExpense": -22,
        "minorityInterest": -3,
        "netIncome": -103,
        "netIncomeAfterTaxes": -100,
        "nonRecurringItems": -20,
        "otherOperatingExpensesTotal": 46,
        "period": "2019-03-31",
        "pretaxIncome": -141,
        "provisionforIncomeTaxes": -41,
        "researchDevelopment": 297,
        "revenue": 2609,
        "sgaExpense": 1680,
        "totalOperatingExpense": 2207,
        "totalOtherIncomeExpenseNet": 12
      },
      {
        "costOfGoodsSold": 476,
        "depreciationAmortization": 193,
        "dilutedAverageSharesOutstanding": 151.344,
        "dilutedEPS": 0.11,
        "ebit": 178,
        "grossIncome": 2083,
        "interestExpense": 41,
        "interestIncomeExpense": -40,
        "minorityInterest": -8,
        "netIncome": 17,
        "netIncomeAfterTaxes": 25,
        "nonRecurringItems": -82,
        "otherOperatingExpensesTotal": 53,
        "period": "2018-12-31",
        "pretaxIncome": 56,
        "provisionforIncomeTaxes": 31,
        "researchDevelopment": 292,
        "revenue": 2559,
        "sgaExpense": 1367,
        "totalOperatingExpense": 1905,
        "totalOtherIncomeExpenseNet": 0
      },
      {
        "costOfGoodsSold": 504,
        "depreciationAmortization": 198,
        "dilutedAverageSharesOutstanding": 153.153,
        "dilutedEPS": 3.43,
        "ebit": 594,
        "grossIncome": 2772,
        "interestExpense": 47,
        "interestIncomeExpense": -58,
        "minorityInterest": -6,
        "netIncome": 525,
        "netIncomeAfterTaxes": 531,
        "nonRecurringItems": 78,
        "otherOperatingExpensesTotal": 49,
        "period": "2018-09-30",
        "pretaxIncome": 612,
        "provisionforIncomeTaxes": 81,
        "researchDevelopment": 277,
        "revenue": 3276,
        "sgaExpense": 1654,
        "totalOperatingExpense": 2178,
        "totalOtherIncomeExpenseNet": -2
      },
      {
        "costOfGoodsSold": 498,
        "depreciationAmortization": 196,
        "dilutedAverageSharesOutstanding": 152.617,
        "dilutedEPS": 0.01,
        "ebit": 173,
        "grossIncome": 2382,
        "interestExpense": 51,
        "interestIncomeExpense": -124,
        "minorityInterest": 10,
        "netIncome": 1,
        "netIncomeAfterTaxes": -9,
        "nonRecurringItems": -62,
        "otherOperatingExpensesTotal": 51,
        "period": "2018-06-30",
        "pretaxIncome": -14,
        "provisionforIncomeTaxes": -5,
        "researchDevelopment": 276,
        "revenue": 2880,
        "sgaExpense": 1686,
        "totalOperatingExpense": 2209,
        "totalOtherIncomeExpenseNet": -1
      },
      {
        "costOfGoodsSold": 487,
        "depreciationAmortization": 191,
        "dilutedAverageSharesOutstanding": 151.817,
        "dilutedEPS": -0.9,
        "ebit": -162,
        "grossIncome": 2021,
        "interestExpense": 51,
        "interestIncomeExpense": -5,
        "minorityInterest": 12,
        "netIncome": -137,
        "netIncomeAfterTaxes": -149,
        "nonRecurringItems": -3,
        "otherOperatingExpensesTotal": 48,
        "period": "2018-03-31",
        "pretaxIncome": -169,
        "provisionforIncomeTaxes": -20,
        "researchDevelopment": 277,
        "revenue": 2508,
        "sgaExpense": 1667,
        "totalOperatingExpense": 2183,
        "totalOtherIncomeExpenseNet": 1
      },
      {
        "costOfGoodsSold": 437.278,
        "depreciationAmortization": 191.479,
        "dilutedAverageSharesOutstanding": 155.98,
        "dilutedEPS": 0.35,
        "ebit": 117.079,
        "grossIncome": 1881.93,
        "interestExpense": 52.073,
        "interestIncomeExpense": -42.786,
        "minorityInterest": 2.284,
        "netIncome": 55.159,
        "netIncomeAfterTaxes": 38.756,
        "nonRecurringItems": -3.604,
        "otherOperatingExpensesTotal": 194.45,
        "period": "2017-12-31",
        "pretaxIncome": 75.906,
        "provisionforIncomeTaxes": 37.15,
        "researchDevelopment": 252.156,
        "revenue": 2319.208,
        "sgaExpense": 1126.766,
        "totalOperatingExpense": 1764.851,
        "totalOtherIncomeExpenseNet": 5.217
      },
      {
        "costOfGoodsSold": 458.559,
        "depreciationAmortization": 184.011,
        "dilutedAverageSharesOutstanding": 157.76,
        "dilutedEPS": 2.23,
        "ebit": 484.212,
        "grossIncome": 2507.289,
        "interestExpense": 44.001,
        "interestIncomeExpense": -34.672,
        "minorityInterest": 2.885,
        "netIncome": 352.238,
        "netIncomeAfterTaxes": 349.353,
        "nonRecurringItems": -2.484,
        "otherOperatingExpensesTotal": 127.354,
        "period": "2017-09-30",
        "pretaxIncome": 415.431,
        "provisionforIncomeTaxes": 66.078,
        "researchDevelopment": 237.061,
        "revenue": 2965.848,
        "sgaExpense": 1474.651,
        "totalOperatingExpense": 2023.077,
        "totalOtherIncomeExpenseNet": -31.625
      },
      {
        "costOfGoodsSold": 439.007,
        "depreciationAmortization": 175.279,
        "dilutedAverageSharesOutstanding": 157.033,
        "dilutedEPS": 0.36,
        "ebit": 115.877,
        "grossIncome": 2147.045,
        "interestExpense": 42.661,
        "interestIncomeExpense": -33.399,
        "minorityInterest": 3.019,
        "netIncome": 56.689,
        "netIncomeAfterTaxes": 53.67,
        "nonRecurringItems": -13.109,
        "otherOperatingExpensesTotal": 156.539,
        "period": "2017-06-30",
        "pretaxIncome": 56.682,
        "provisionforIncomeTaxes": 3.012,
        "researchDevelopment": 233.53,
        "revenue": 2586.052,
        "sgaExpense": 1465.82,
        "totalOperatingExpense": 2031.168,
        "totalOtherIncomeExpenseNet": -12.687
      },
      {
        "costOfGoodsSold": 421.687,
        "depreciationAmortization": 169.676,
        "dilutedAverageSharesOutstanding": 150.531,
        "dilutedEPS": -0.57,
        "ebit": -49.88,
        "grossIncome": 1767.049,
        "interestExpense": 42.977,
        "interestIncomeExpense": -36.718,
        "minorityInterest": -1.583,
        "netIncome": -86.122,
        "netIncomeAfterTaxes": -84.539,
        "nonRecurringItems": -22.953,
        "otherOperatingExpensesTotal": 137.55,
        "period": "2017-03-31",
        "pretaxIncome": -131.255,
        "provisionforIncomeTaxes": -46.716,
        "researchDevelopment": 219.04,
        "revenue": 2188.736,
        "sgaExpense": 1290.663,
        "totalOperatingExpense": 1816.929,
        "totalOtherIncomeExpenseNet": -21.704
      },
      {
        "costOfGoodsSold": 370.841,
        "depreciationAmortization": 167.881,
        "dilutedAverageSharesOutstanding": 155.072,
        "dilutedEPS": 0.51,
        "ebit": 189.557,
        "grossIncome": 1721.988,
        "interestExpense": 42.875,
        "interestIncomeExpense": -37.498,
        "minorityInterest": -5.425,
        "netIncome": 79.457,
        "netIncomeAfterTaxes": 84.882,
        "nonRecurringItems": -42.371,
        "otherOperatingExpensesTotal": 153.523,
        "period": "2016-12-31",
        "pretaxIncome": 115.126,
        "provisionforIncomeTaxes": 30.244,
        "researchDevelopment": 222.098,
        "revenue": 2092.829,
        "sgaExpense": 988.929,
        "totalOperatingExpense": 1532.431,
        "totalOtherIncomeExpenseNet": 5.438
      },
      {
        "costOfGoodsSold": 416.907,
        "depreciationAmortization": 169.08,
        "dilutedAverageSharesOutstanding": 154.236,
        "dilutedEPS": 1.81,
        "ebit": 415.122,
        "grossIncome": 2163.998,
        "interestExpense": 43.374,
        "interestIncomeExpense": -37.547,
        "minorityInterest": 0.403,
        "netIncome": 279.331,
        "netIncomeAfterTaxes": 278.928,
        "nonRecurringItems": -28.97,
        "otherOperatingExpensesTotal": 138.521,
        "period": "2016-09-30",
        "pretaxIncome": 339.555,
        "provisionforIncomeTaxes": 60.627,
        "researchDevelopment": 209.446,
        "revenue": 2580.905,
        "sgaExpense": 1231.829,
        "totalOperatingExpense": 1748.876,
        "totalOtherIncomeExpenseNet": -9.05
      },
      {
        "costOfGoodsSold": 406.38,
        "depreciationAmortization": 172.181,
        "dilutedAverageSharesOutstanding": 153.532,
        "dilutedEPS": 0.21,
        "ebit": 39.839,
        "grossIncome": 1789.489,
        "interestExpense": 42.939,
        "interestIncomeExpense": -37.984,
        "minorityInterest": 25.642,
        "netIncome": 31.649,
        "netIncomeAfterTaxes": 6.007,
        "nonRecurringItems": -14.177,
        "otherOperatingExpensesTotal": 149.752,
        "period": "2016-06-30",
        "pretaxIncome": -12.195,
        "provisionforIncomeTaxes": -18.202,
        "researchDevelopment": 229.921,
        "revenue": 2195.869,
        "sgaExpense": 1197.796,
        "totalOperatingExpense": 1749.65,
        "totalOtherIncomeExpenseNet": 0.127
      },
      {
        "costOfGoodsSold": 402.57,
        "depreciationAmortization": 169.999,
        "dilutedAverageSharesOutstanding": 151.052,
        "dilutedEPS": -0.72,
        "ebit": -65.521,
        "grossIncome": 1501.391,
        "interestExpense": 43.96,
        "interestIncomeExpense": -40.393,
        "minorityInterest": -0.057,
        "netIncome": -108.589,
        "netIncomeAfterTaxes": -108.532,
        "nonRecurringItems": -31.777,
        "otherOperatingExpensesTotal": 128.347,
        "period": "2016-03-31",
        "pretaxIncome": -165.886,
        "provisionforIncomeTaxes": -57.354,
        "researchDevelopment": 211.554,
        "revenue": 1903.961,
        "sgaExpense": 1057.012,
        "totalOperatingExpense": 1566.912,
        "totalOtherIncomeExpenseNet": -28.195
      },
      {
        "costOfGoodsSold": 338.493,
        "depreciationAmortization": 80.343,
        "dilutedAverageSharesOutstanding": 138.266,
        "dilutedEPS": -0.09,
        "ebit": 54.271,
        "grossIncome": 1360.074,
        "interestExpense": 36.427,
        "interestIncomeExpense": -34.135,
        "minorityInterest": 0.348,
        "netIncome": -12.538,
        "netIncomeAfterTaxes": -12.886,
        "nonRecurringItems": -24.794,
        "otherOperatingExpensesTotal": 163.797,
        "period": "2015-12-31",
        "pretaxIncome": -5.933,
        "provisionforIncomeTaxes": 6.953,
        "researchDevelopment": 250.57,
        "revenue": 1698.567,
        "sgaExpense": 811.093,
        "totalOperatingExpense": 1305.803,
        "totalOtherIncomeExpenseNet": -1.275
      },
      {
        "costOfGoodsSold": 328.066,
        "depreciationAmortization": 31.4,
        "dilutedAverageSharesOutstanding": 133.417,
        "dilutedEPS": 2.12,
        "ebit": 302.127,
        "grossIncome": 1609.687,
        "interestExpense": 33.259,
        "interestIncomeExpense": -29.094,
        "minorityInterest": 6.979,
        "netIncome": 283.216,
        "netIncomeAfterTaxes": 276.237,
        "nonRecurringItems": 42.871,
        "otherOperatingExpensesTotal": 114.474,
        "period": "2015-09-30",
        "pretaxIncome": 342.187,
        "provisionforIncomeTaxes": 65.95,
        "researchDevelopment": 202.703,
        "revenue": 1937.753,
        "sgaExpense": 958.983,
        "totalOperatingExpense": 1307.56,
        "totalOtherIncomeExpenseNet": 26.283
      }
    ],
    "symbol": "EXPE"
  }
}