{
  "symbol": "EBAY",
  "statement": "ic",
  "frequency": "annual",
  "timestamp": "2025-09-19T13:59:34.120660",
  "data": {
    "financials": [
      {
        "costOfGoodsSold": 2880,
        "depreciationAmortization": 20,
        "dilutedAverageSharesOutstanding": 501,
        "dilutedEPS": 3.9541,
        "ebit": 2326,
        "grossIncome": 7403,
        "interestExpense": 259,
        "interestIncomeExpense": -40,
        "netIncome": 1975,
        "netIncomeAfterTaxes": 1981,
        "nonRecurringItems": -8,
        "otherOperatingExpensesTotal": 353,
        "period": "2024-12-31",
        "pretaxIncome": 2278,
        "provisionforIncomeTaxes": 297,
        "researchDevelopment": 1479,
        "revenue": 10283,
        "sgaExpense": 3225,
        "totalOperatingExpense": 5077,
        "year": 2024
      },
      {
        "costOfGoodsSold": 2833,
        "depreciationAmortization": 21,
        "dilutedAverageSharesOutstanding": 533,
        "dilutedEPS": 5.2064,
        "ebit": 2442,
        "grossIncome": 7279,
        "interestExpense": 263,
        "interestIncomeExpense": 1766,
        "netIncome": 2767,
        "netIncomeAfterTaxes": 2775,
        "nonRecurringItems": -501,
        "period": "2023-12-31",
        "pretaxIncome": 3707,
        "provisionforIncomeTaxes": 932,
        "researchDevelopment": 1544,
        "revenue": 10112,
        "sgaExpense": 3272,
        "totalOperatingExpense": 4837,
        "year": 2023
      },
      {
        "costOfGoodsSold": 2680,
        "depreciationAmortization": 4,
        "dilutedAverageSharesOutstanding": 558,
        "dilutedEPS": -2.28,
        "ebit": 2682,
        "grossIncome": 7115,
        "interestExpense": 235,
        "interestIncomeExpense": -3948,
        "netIncome": -1269,
        "netIncomeAfterTaxes": -1274,
        "nonRecurringItems": -332,
        "period": "2022-12-31",
        "pretaxIncome": -1601,
        "provisionforIncomeTaxes": -327,
        "researchDevelopment": 1330,
        "revenue": 9795,
        "sgaExpense": 3099,
        "totalOperatingExpense": 4433,
        "totalOtherIncomeExpenseNet": -3,
        "year": 2022
      },
      {
        "costOfGoodsSold": 2650,
        "depreciationAmortization": 9,
        "dilutedAverageSharesOutstanding": 663,
        "dilutedEPS": 20.52,
        "ebit": 3357,
        "grossIncome": 7770,
        "interestExpense": 269,
        "interestIncomeExpense": -2615,
        "netIncome": 13608,
        "netIncomeAfterTaxes": 252,
        "nonRecurringItems": -434,
        "period": "2021-12-31",
        "pretaxIncome": 398,
        "provisionforIncomeTaxes": 146,
        "researchDevelopment": 1325,
        "revenue": 10420,
        "sgaExpense": 3079,
        "totalOperatingExpense": 4413,
        "totalOtherIncomeExpenseNet": 90,
        "year": 2021
      },
      {
        "costOfGoodsSold": 1797,
        "depreciationAmortization": 27,
        "dilutedAverageSharesOutstanding": 718,
        "dilutedEPS": 7.89,
        "ebit": 2980,
        "grossIncome": 7097,
        "interestExpense": 304,
        "interestIncomeExpense": 741,
        "netIncome": 5667,
        "netIncomeAfterTaxes": 2487,
        "nonRecurringItems": -344,
        "period": "2020-12-31",
        "pretaxIncome": 3345,
        "provisionforIncomeTaxes": 858,
        "researchDevelopment": 1028,
        "revenue": 8894,
        "sgaExpense": 3062,
        "totalOperatingExpense": 4117,
        "totalOtherIncomeExpenseNet": -32,
        "year": 2020
      },
      {
        "costOfGoodsSold": 2136,
        "depreciationAmortization": 28,
        "dilutedAverageSharesOutstanding": 856,
        "dilutedEPS": 2.08,
        "ebit": 1900,
        "grossIncome": 6500,
        "interestExpense": 312,
        "interestIncomeExpense": -59,
        "netIncome": 1786,
        "netIncomeAfterTaxes": 1516,
        "nonRecurringItems": -91,
        "otherOperatingExpensesTotal": 262,
        "period": "2019-12-31",
        "pretaxIncome": 1749,
        "provisionforIncomeTaxes": 233,
        "researchDevelopment": 976,
        "revenue": 8636,
        "sgaExpense": 3334,
        "totalOperatingExpense": 4600,
        "totalOtherIncomeExpenseNet": -1,
        "year": 2019
      },
      {
        "costOfGoodsSold": 2023,
        "depreciationAmortization": 22,
        "dilutedAverageSharesOutstanding": 991,
        "dilutedEPS": 2.55,
        "ebit": 1821,
        "grossIncome": 6627,
        "interestExpense": 326,
        "interestIncomeExpense": 513,
        "netIncome": 2530,
        "netIncomeAfterTaxes": 1699,
        "nonRecurringItems": -69,
        "otherOperatingExpensesTotal": 247,
        "period": "2018-12-31",
        "pretaxIncome": 2249,
        "provisionforIncomeTaxes": 550,
        "researchDevelopment": 1051,
        "revenue": 8650,
        "sgaExpense": 3486,
        "totalOperatingExpense": 4806,
        "totalOtherIncomeExpenseNet": -16,
        "year": 2018
      },
      {
        "costOfGoodsSold": 2221,
        "depreciationAmortization": 38,
        "dilutedAverageSharesOutstanding": 1064,
        "dilutedEPS": -0.95,
        "ebit": 2264,
        "grossIncome": 7706,
        "interestExpense": 292,
        "interestIncomeExpense": -167,
        "netIncome": -1017,
        "netIncomeAfterTaxes": 2087,
        "nonRecurringItems": 167,
        "otherOperatingExpensesTotal": 272,
        "period": "2017-12-31",
        "pretaxIncome": 2275,
        "provisionforIncomeTaxes": 188,
        "researchDevelopment": 1224,
        "revenue": 9927,
        "sgaExpense": 3908,
        "totalOperatingExpense": 5442,
        "totalOtherIncomeExpenseNet": 11,
        "year": 2017
      },
      {
        "costOfGoodsSold": 2004,
        "depreciationAmortization": 34,
        "dilutedAverageSharesOutstanding": 1144,
        "dilutedEPS": 6.37,
        "ebit": 2325,
        "grossIncome": 7294,
        "interestExpense": 225,
        "interestIncomeExpense": 1243,
        "netIncome": 7266,
        "netIncomeAfterTaxes": 7285,
        "otherOperatingExpensesTotal": 231,
        "period": "2016-12-31",
        "pretaxIncome": 3651,
        "provisionforIncomeTaxes": -3634,
        "researchDevelopment": 1114,
        "revenue": 9298,
        "sgaExpense": 3590,
        "totalOperatingExpense": 4969,
        "totalOtherIncomeExpenseNet": 83,
        "year": 2016
      },
      {
        "costOfGoodsSold": 1771,
        "depreciationAmortization": 41,
        "dilutedAverageSharesOutstanding": 1220,
        "dilutedEPS": 1.41,
        "ebit": 2259,
        "grossIncome": 6821,
        "interestExpense": 144,
        "interestIncomeExpense": 220,
        "netIncome": 1725,
        "netIncomeAfterTaxes": 1947,
        "nonRecurringItems": -62,
        "otherOperatingExpensesTotal": 271,
        "period": "2015-12-31",
        "pretaxIncome": 2406,
        "provisionforIncomeTaxes": 459,
        "researchDevelopment": 923,
        "revenue": 8592,
        "sgaExpense": 3327,
        "totalOperatingExpense": 4562,
        "totalOtherIncomeExpenseNet": -11,
        "year": 2015
      }
    ],
    "symbol": "EBAY"
  }
}