{
  "symbol": "AKAM",
  "statement": "ic",
  "frequency": "quarterly",
  "timestamp": "2025-09-19T13:55:26.119477",
  "data": {
    "financials": [
      {
        "costOfGoodsSold": 426.535,
        "depreciationAmortization": 44.208,
        "dilutedAverageSharesOutstanding": 145.249,
        "dilutedEPS": 0.7134,
        "ebit": 155.838,
        "grossIncome": 616.959,
        "interestExpense": 8.201,
        "interestIncomeExpense": 5.928,
        "netIncome": 103.618,
        "netIncomeAfterTaxes": 103.618,
        "nonRecurringItems": -4.377,
        "otherOperatingExpensesTotal": 15.375,
        "period": "2025-06-30",
        "pretaxIncome": 151.938,
        "provisionforIncomeTaxes": 48.32,
        "researchDevelopment": 125.838,
        "revenue": 1043.494,
        "sgaExpense": 275.7,
        "totalOperatingExpense": 461.121,
        "totalOtherIncomeExpenseNet": -5.451
      },
      {
        "costOfGoodsSold": 418.945,
        "depreciationAmortization": 44.123,
        "dilutedAverageSharesOutstanding": 151.064,
        "dilutedEPS": 0.8154,
        "ebit": 168.828,
        "grossIncome": 596.194,
        "interestExpense": 6.75,
        "interestIncomeExpense": -1.009,
        "netIncome": 123.171,
        "netIncomeAfterTaxes": 123.171,
        "nonRecurringItems": -0.456,
        "otherOperatingExpensesTotal": 0,
        "period": "2025-03-31",
        "pretaxIncome": 173.383,
        "provisionforIncomeTaxes": 50.212,
        "researchDevelopment": 123.549,
        "revenue": 1015.139,
        "sgaExpense": 259.694,
        "totalOperatingExpense": 427.366,
        "totalOtherIncomeExpenseNet": 6.02
      },
      {
        "costOfGoodsSold": 414.356,
        "depreciationAmortization": 42.176,
        "dilutedAverageSharesOutstanding": 153.089,
        "dilutedEPS": 0.9139,
        "ebit": 179.124,
        "equityEarningsAffiliates": 0,
        "grossIncome": 605.583,
        "interestExpense": 6.735,
        "interestIncomeExpense": -3.439,
        "netIncome": 139.905,
        "netIncomeAfterTaxes": 139.905,
        "nonRecurringItems": -11.614,
        "otherOperatingExpensesTotal": 0,
        "period": "2024-12-31",
        "pretaxIncome": 158.109,
        "provisionforIncomeTaxes": 18.204,
        "researchDevelopment": 120.245,
        "revenue": 1019.939,
        "sgaExpense": 264.038,
        "totalOperatingExpense": 426.459,
        "totalOtherIncomeExpenseNet": -5.962
      },
      {
        "costOfGoodsSold": 408.806,
        "depreciationAmortization": 40.927,
        "dilutedAverageSharesOutstanding": 153.24,
        "dilutedEPS": 0.3779,
        "ebit": 174.865,
        "equityEarningsAffiliates": 0,
        "grossIncome": 595.873,
        "interestExpense": 6.735,
        "interestIncomeExpense": -0.849,
        "netIncome": 57.907,
        "netIncomeAfterTaxes": 57.907,
        "nonRecurringItems": -87.049,
        "otherOperatingExpensesTotal": 0,
        "period": "2024-09-30",
        "pretaxIncome": 73.806,
        "provisionforIncomeTaxes": 15.899,
        "researchDevelopment": 120.347,
        "revenue": 1004.679,
        "sgaExpense": 259.734,
        "totalOperatingExpense": 421.008,
        "totalOtherIncomeExpenseNet": -13.161
      },
      {
        "costOfGoodsSold": 402.888,
        "depreciationAmortization": 37.58,
        "dilutedAverageSharesOutstanding": 153.588,
        "dilutedEPS": 0.8574,
        "ebit": 166.924,
        "grossIncome": 576.692,
        "interestExpense": 6.829,
        "interestIncomeExpense": 4.425,
        "netIncome": 131.688,
        "netIncomeAfterTaxes": 131.688,
        "nonRecurringItems": -3.564,
        "period": "2024-06-30",
        "pretaxIncome": 166.836,
        "provisionforIncomeTaxes": 35.148,
        "researchDevelopment": 113.352,
        "revenue": 979.58,
        "sgaExpense": 258.836,
        "totalOperatingExpense": 409.768,
        "totalOtherIncomeExpenseNet": -0.949
      },
      {
        "costOfGoodsSold": 394.743,
        "depreciationAmortization": 37.582,
        "dilutedAverageSharesOutstanding": 157.466,
        "dilutedEPS": 1.114,
        "ebit": 181.807,
        "grossIncome": 592.227,
        "interestExpense": 6.818,
        "interestIncomeExpense": 6.66,
        "netIncome": 175.418,
        "netIncomeAfterTaxes": 175.418,
        "nonRecurringItems": -0.716,
        "period": "2024-03-31",
        "pretaxIncome": 188.262,
        "provisionforIncomeTaxes": 12.844,
        "researchDevelopment": 116.932,
        "revenue": 986.97,
        "sgaExpense": 255.906,
        "totalOperatingExpense": 410.42,
        "totalOtherIncomeExpenseNet": 0.511
      },
      {
        "costOfGoodsSold": 392.818,
        "depreciationAmortization": 33.501,
        "dilutedAverageSharesOutstanding": 157.023,
        "dilutedEPS": 1.0264,
        "ebit": 199.135,
        "equityEarningsAffiliates": 0,
        "grossIncome": 602.199,
        "interestExpense": 6.884,
        "interestIncomeExpense": 3.908,
        "netIncome": 161.165,
        "netIncomeAfterTaxes": 161.165,
        "nonRecurringItems": -1.16,
        "period": "2023-12-31",
        "pretaxIncome": 196.241,
        "provisionforIncomeTaxes": 35.076,
        "researchDevelopment": 108.949,
        "revenue": 995.017,
        "sgaExpense": 260.614,
        "totalOperatingExpense": 403.064,
        "totalOtherIncomeExpenseNet": -5.642
      },
      {
        "costOfGoodsSold": 382.5,
        "depreciationAmortization": 34.3,
        "dilutedAverageSharesOutstanding": 155,
        "dilutedEPS": 1.04,
        "ebit": 194.5,
        "equityEarningsAffiliates": 1.5,
        "grossIncome": 583,
        "interestExpense": 4.987,
        "interestIncomeExpense": -6.4,
        "netIncome": 160.5,
        "netIncomeAfterTaxes": 159.1,
        "nonRecurringItems": -5.6,
        "period": "2023-09-30",
        "pretaxIncome": 179.4,
        "provisionforIncomeTaxes": 20.3,
        "researchDevelopment": 105.7,
        "revenue": 965.5,
        "sgaExpense": 248.4,
        "totalOperatingExpense": 388.5,
        "totalOtherIncomeExpenseNet": -3.2
      },
      {
        "costOfGoodsSold": 372.7,
        "depreciationAmortization": 32.1,
        "dilutedAverageSharesOutstanding": 153.5,
        "dilutedEPS": 0.84,
        "ebit": 173.7,
        "equityEarningsAffiliates": 0,
        "grossIncome": 563,
        "interestExpense": 3.157,
        "interestIncomeExpense": -10.8,
        "netIncome": 128.8,
        "netIncomeAfterTaxes": 128.8,
        "nonRecurringItems": -11.7,
        "period": "2023-06-30",
        "pretaxIncome": 150,
        "provisionforIncomeTaxes": 21.2,
        "researchDevelopment": 98.8,
        "revenue": 935.7,
        "sgaExpense": 258.4,
        "totalOperatingExpense": 389.3,
        "totalOtherIncomeExpenseNet": -1.1
      },
      {
        "costOfGoodsSold": 359.9,
        "depreciationAmortization": 32.6,
        "dilutedAverageSharesOutstanding": 156.1,
        "dilutedEPS": 0.62,
        "ebit": 190.3,
        "equityEarningsAffiliates": 0,
        "grossIncome": 555.8,
        "interestExpense": 2.681,
        "interestIncomeExpense": -9.6,
        "netIncome": 97.1,
        "netIncomeAfterTaxes": 97.1,
        "nonRecurringItems": -51.5,
        "period": "2023-03-31",
        "pretaxIncome": 126.9,
        "provisionforIncomeTaxes": 29.8,
        "researchDevelopment": 91.9,
        "revenue": 915.7,
        "sgaExpense": 241,
        "totalOperatingExpense": 365.5,
        "totalOtherIncomeExpenseNet": -2.4
      },
      {
        "costOfGoodsSold": 358,
        "depreciationAmortization": 34.4,
        "dilutedAverageSharesOutstanding": 157.5,
        "dilutedEPS": 1.12,
        "ebit": 164.5,
        "equityEarningsAffiliates": 0,
        "grossIncome": 569.8,
        "interestExpense": 2.684,
        "interestIncomeExpense": 2.3,
        "netIncome": 176.8,
        "netIncomeAfterTaxes": 176.8,
        "nonRecurringItems": 3,
        "period": "2022-12-31",
        "pretaxIncome": 168.4,
        "provisionforIncomeTaxes": -8.4,
        "researchDevelopment": 105.4,
        "revenue": 927.8,
        "sgaExpense": 265.5,
        "totalOperatingExpense": 405.3,
        "totalOtherIncomeExpenseNet": -1.4
      },
      {
        "costOfGoodsSold": 344.8,
        "depreciationAmortization": 36.1,
        "dilutedAverageSharesOutstanding": 159.1,
        "dilutedEPS": 0.78,
        "ebit": 179,
        "equityEarningsAffiliates": 0,
        "grossIncome": 537.1,
        "interestExpense": 15.283,
        "interestIncomeExpense": -14.5,
        "netIncome": 123.7,
        "netIncomeAfterTaxes": 123.7,
        "nonRecurringItems": -6.1,
        "period": "2022-09-30",
        "pretaxIncome": 158.2,
        "provisionforIncomeTaxes": 34.5,
        "researchDevelopment": 93.3,
        "revenue": 881.9,
        "sgaExpense": 228.6,
        "totalOperatingExpense": 358.1,
        "totalOtherIncomeExpenseNet": -0.3
      },
      {
        "costOfGoodsSold": 346.6,
        "depreciationAmortization": 35.4,
        "dilutedAverageSharesOutstanding": 161.7,
        "dilutedEPS": 0.85,
        "ebit": 197.1,
        "equityEarningsAffiliates": 0,
        "grossIncome": 556.7,
        "interestExpense": 16.082,
        "interestIncomeExpense": -18.5,
        "netIncome": 137.8,
        "netIncomeAfterTaxes": 137.8,
        "nonRecurringItems": -8.9,
        "period": "2022-06-30",
        "pretaxIncome": 170.6,
        "provisionforIncomeTaxes": 32.8,
        "researchDevelopment": 91.4,
        "revenue": 903.3,
        "sgaExpense": 232.8,
        "totalOperatingExpense": 359.6,
        "totalOtherIncomeExpenseNet": 0.8
      },
      {
        "costOfGoodsSold": 332.6,
        "depreciationAmortization": 33.3,
        "dilutedAverageSharesOutstanding": 163.6,
        "dilutedEPS": 0.82,
        "ebit": 192.3,
        "equityEarningsAffiliates": -7.6,
        "grossIncome": 571.1,
        "interestExpense": 2.906,
        "interestIncomeExpense": -2.9,
        "netIncome": 133.4,
        "netIncomeAfterTaxes": 141,
        "nonRecurringItems": -19,
        "period": "2022-03-31",
        "pretaxIncome": 160.8,
        "provisionforIncomeTaxes": 19.8,
        "researchDevelopment": 99.9,
        "revenue": 903.6,
        "sgaExpense": 245.6,
        "totalOperatingExpense": 378.7,
        "totalOtherIncomeExpenseNet": -9.6
      },
      {
        "costOfGoodsSold": 325.4,
        "depreciationAmortization": 32.6,
        "dilutedAverageSharesOutstanding": 164.9,
        "dilutedEPS": 0.97,
        "ebit": 213.1,
        "equityEarningsAffiliates": -1.4,
        "grossIncome": 580,
        "interestExpense": 18.317,
        "interestIncomeExpense": -14.9,
        "netIncome": 160.5,
        "netIncomeAfterTaxes": 162,
        "nonRecurringItems": -17,
        "period": "2021-12-31",
        "pretaxIncome": 181,
        "provisionforIncomeTaxes": 19,
        "researchDevelopment": 93.2,
        "revenue": 905.4,
        "sgaExpense": 241.2,
        "totalOperatingExpense": 366.9,
        "totalOtherIncomeExpenseNet": -0.2
      },
      {
        "costOfGoodsSold": 316.9,
        "depreciationAmortization": 32.5,
        "dilutedAverageSharesOutstanding": 166.3,
        "dilutedEPS": 1.08,
        "ebit": 207.2,
        "equityEarningsAffiliates": -1.1,
        "grossIncome": 543.5,
        "interestExpense": 18.144,
        "interestIncomeExpense": -15.3,
        "netIncome": 178.9,
        "netIncomeAfterTaxes": 180,
        "nonRecurringItems": -1.9,
        "period": "2021-09-30",
        "pretaxIncome": 193.6,
        "provisionforIncomeTaxes": 13.6,
        "researchDevelopment": 82.9,
        "revenue": 860.3,
        "sgaExpense": 220.9,
        "totalOperatingExpense": 336.3,
        "totalOtherIncomeExpenseNet": 3.6
      },
      {
        "costOfGoodsSold": 320,
        "depreciationAmortization": 32.5,
        "dilutedAverageSharesOutstanding": 166.3,
        "dilutedEPS": 0.94,
        "ebit": 197.4,
        "equityEarningsAffiliates": -10.8,
        "grossIncome": 532.8,
        "interestExpense": 18.037,
        "interestIncomeExpense": -13.3,
        "netIncome": 156.5,
        "netIncomeAfterTaxes": 167.3,
        "nonRecurringItems": 2,
        "period": "2021-06-30",
        "pretaxIncome": 185.3,
        "provisionforIncomeTaxes": 18,
        "researchDevelopment": 77.3,
        "revenue": 852.8,
        "sgaExpense": 225.6,
        "totalOperatingExpense": 335.4,
        "totalOtherIncomeExpenseNet": -0.8
      },
      {
        "costOfGoodsSold": 306.7,
        "depreciationAmortization": 32.3,
        "dilutedAverageSharesOutstanding": 165.7,
        "dilutedEPS": 0.94,
        "ebit": 189.6,
        "equityEarningsAffiliates": -0.7,
        "grossIncome": 536,
        "interestExpense": 17.834,
        "interestIncomeExpense": -13.3,
        "netIncome": 155.7,
        "netIncomeAfterTaxes": 156.4,
        "nonRecurringItems": -7.2,
        "period": "2021-03-31",
        "pretaxIncome": 168.3,
        "provisionforIncomeTaxes": 11.9,
        "researchDevelopment": 82,
        "revenue": 842.7,
        "sgaExpense": 232.1,
        "totalOperatingExpense": 346.4,
        "totalOtherIncomeExpenseNet": -0.8
      },
      {
        "costOfGoodsSold": 303.8,
        "depreciationAmortization": 32.1,
        "dilutedAverageSharesOutstanding": 165.9,
        "dilutedEPS": 0.68,
        "ebit": 185.8,
        "equityEarningsAffiliates": -11.4,
        "grossIncome": 542.4,
        "interestExpense": 17.342,
        "interestIncomeExpense": -11.1,
        "netIncome": 113.4,
        "netIncomeAfterTaxes": 124.8,
        "nonRecurringItems": -51.2,
        "period": "2020-12-31",
        "pretaxIncome": 129,
        "provisionforIncomeTaxes": 4.2,
        "researchDevelopment": 67.2,
        "revenue": 846.3,
        "sgaExpense": 257.3,
        "totalOperatingExpense": 356.7,
        "totalOtherIncomeExpenseNet": 5.4
      },
      {
        "costOfGoodsSold": 283.4,
        "depreciationAmortization": 30.9,
        "dilutedAverageSharesOutstanding": 166.5,
        "dilutedEPS": 0.95,
        "ebit": 182.3,
        "equityEarningsAffiliates": -0.6,
        "grossIncome": 509.4,
        "interestExpense": 17.324,
        "interestIncomeExpense": -11,
        "netIncome": 158.6,
        "netIncomeAfterTaxes": 159.2,
        "nonRecurringItems": -1.1,
        "period": "2020-09-30",
        "pretaxIncome": 168,
        "provisionforIncomeTaxes": 8.8,
        "researchDevelopment": 66.8,
        "revenue": 792.8,
        "sgaExpense": 229.5,
        "totalOperatingExpense": 327.2,
        "totalOtherIncomeExpenseNet": -2.2
      },
      {
        "costOfGoodsSold": 276.8,
        "depreciationAmortization": 31,
        "dilutedAverageSharesOutstanding": 164.8,
        "dilutedEPS": 0.98,
        "ebit": 190.6,
        "equityEarningsAffiliates": -0.5,
        "grossIncome": 517.9,
        "interestExpense": 17.249,
        "interestIncomeExpense": -7.7,
        "netIncome": 161.9,
        "netIncomeAfterTaxes": 162.4,
        "nonRecurringItems": -0.2,
        "period": "2020-06-30",
        "pretaxIncome": 181.1,
        "provisionforIncomeTaxes": 18.7,
        "researchDevelopment": 64.1,
        "revenue": 794.7,
        "sgaExpense": 232.2,
        "totalOperatingExpense": 327.3,
        "totalOtherIncomeExpenseNet": -1.6
      },
      {
        "costOfGoodsSold": 268.6,
        "depreciationAmortization": 30.9,
        "dilutedAverageSharesOutstanding": 163.7,
        "dilutedEPS": 0.75,
        "ebit": 163,
        "equityEarningsAffiliates": -0.6,
        "grossIncome": 495.7,
        "interestExpense": 17.205,
        "interestIncomeExpense": -10.2,
        "netIncome": 123.1,
        "netIncomeAfterTaxes": 123.8,
        "nonRecurringItems": -10.7,
        "period": "2020-03-31",
        "pretaxIncome": 138.1,
        "provisionforIncomeTaxes": 14.3,
        "researchDevelopment": 71.2,
        "revenue": 764.3,
        "sgaExpense": 230.6,
        "totalOperatingExpense": 332.7,
        "totalOtherIncomeExpenseNet": -4.1
      },
      {
        "costOfGoodsSold": 257.8,
        "depreciationAmortization": 31.9,
        "dilutedAverageSharesOutstanding": 163.9,
        "dilutedEPS": 0.73,
        "ebit": 156.3,
        "equityEarningsAffiliates": 0.3,
        "grossIncome": 514.4,
        "interestExpense": 16.675,
        "interestIncomeExpense": -5.3,
        "netIncome": 119.1,
        "netIncomeAfterTaxes": 118.8,
        "nonRecurringItems": -21,
        "period": "2019-12-31",
        "pretaxIncome": 129.4,
        "provisionforIncomeTaxes": 10.6,
        "researchDevelopment": 68.9,
        "revenue": 772.1,
        "sgaExpense": 257.3,
        "totalOperatingExpense": 358,
        "totalOtherIncomeExpenseNet": -0.6
      },
      {
        "costOfGoodsSold": 246.9,
        "depreciationAmortization": 28.9,
        "dilutedAverageSharesOutstanding": 164.6,
        "dilutedEPS": 0.84,
        "ebit": 143.2,
        "equityEarningsAffiliates": -1.4,
        "grossIncome": 463,
        "interestExpense": 12.127,
        "interestIncomeExpense": -4.2,
        "netIncome": 137.9,
        "netIncomeAfterTaxes": 139.3,
        "nonRecurringItems": 0.1,
        "period": "2019-09-30",
        "pretaxIncome": 138.3,
        "provisionforIncomeTaxes": -1,
        "researchDevelopment": 64.9,
        "revenue": 709.9,
        "sgaExpense": 226,
        "totalOperatingExpense": 319.8,
        "totalOtherIncomeExpenseNet": -0.8
      },
      {
        "costOfGoodsSold": 242.2,
        "depreciationAmortization": 28.4,
        "dilutedAverageSharesOutstanding": 165,
        "dilutedEPS": 0.69,
        "ebit": 137.1,
        "grossIncome": 462.9,
        "interestExpense": 8.446,
        "interestIncomeExpense": -2,
        "netIncome": 113.9,
        "netIncomeAfterTaxes": 113.9,
        "nonRecurringItems": -1.3,
        "period": "2019-06-30",
        "pretaxIncome": 133.2,
        "provisionforIncomeTaxes": 19.3,
        "researchDevelopment": 61.4,
        "revenue": 705.1,
        "sgaExpense": 235.9,
        "totalOperatingExpense": 325.8,
        "totalOtherIncomeExpenseNet": -0.6
      },
      {
        "costOfGoodsSold": 240.7,
        "depreciationAmortization": 28,
        "dilutedAverageSharesOutstanding": 164.8,
        "dilutedEPS": 0.65,
        "ebit": 141.3,
        "grossIncome": 465.8,
        "interestExpense": 12.116,
        "interestIncomeExpense": -3.5,
        "netIncome": 107.1,
        "netIncomeAfterTaxes": 107.1,
        "nonRecurringItems": -6.8,
        "period": "2019-03-31",
        "pretaxIncome": 131.6,
        "provisionforIncomeTaxes": 24.4,
        "researchDevelopment": 66.1,
        "revenue": 706.5,
        "sgaExpense": 230.3,
        "totalOperatingExpense": 324.5,
        "totalOtherIncomeExpenseNet": 0.5
      },
      {
        "costOfGoodsSold": 243.9,
        "depreciationAmortization": 28.6,
        "dilutedAverageSharesOutstanding": 164.6,
        "dilutedEPS": 0.59,
        "ebit": 134.3,
        "grossIncome": 469.4,
        "interestExpense": 14.582,
        "interestIncomeExpense": -7.3,
        "netIncome": 94,
        "netIncomeAfterTaxes": 97.1,
        "nonRecurringItems": -14,
        "period": "2018-12-31",
        "pretaxIncome": 113.1,
        "provisionforIncomeTaxes": 16,
        "researchDevelopment": 60.3,
        "revenue": 713.4,
        "sgaExpense": 246.2,
        "totalOperatingExpense": 335.2,
        "totalOtherIncomeExpenseNet": 0.1
      },
      {
        "costOfGoodsSold": 239.2,
        "depreciationAmortization": 26.9,
        "dilutedAverageSharesOutstanding": 167.9,
        "dilutedEPS": 0.64,
        "ebit": 116.1,
        "grossIncome": 430.4,
        "interestExpense": 14.566,
        "interestIncomeExpense": -5.3,
        "netIncome": 107.6,
        "netIncomeAfterTaxes": 107.6,
        "nonRecurringItems": 0.4,
        "period": "2018-09-30",
        "pretaxIncome": 110.8,
        "provisionforIncomeTaxes": 3.2,
        "researchDevelopment": 61,
        "revenue": 669.6,
        "sgaExpense": 226.3,
        "totalOperatingExpense": 314.3,
        "totalOtherIncomeExpenseNet": -0.5
      },
      {
        "costOfGoodsSold": 235.5,
        "depreciationAmortization": 29.5,
        "dilutedAverageSharesOutstanding": 172.3,
        "dilutedEPS": 0.25,
        "ebit": 107.9,
        "grossIncome": 427.3,
        "interestExpense": 9.204,
        "interestIncomeExpense": -2.8,
        "netIncome": 43.1,
        "netIncomeAfterTaxes": 43.1,
        "nonRecurringItems": -50.8,
        "period": "2018-06-30",
        "pretaxIncome": 51.6,
        "provisionforIncomeTaxes": 8.5,
        "researchDevelopment": 59.7,
        "revenue": 662.8,
        "sgaExpense": 230.2,
        "totalOperatingExpense": 319.3,
        "totalOtherIncomeExpenseNet": -2.8
      },
      {
        "costOfGoodsSold": 234.8,
        "depreciationAmortization": 28.3,
        "dilutedAverageSharesOutstanding": 172,
        "dilutedEPS": 0.31,
        "ebit": 107.7,
        "grossIncome": 433.9,
        "interestExpense": 4.85,
        "interestIncomeExpense": -0.9,
        "netIncome": 53.7,
        "netIncomeAfterTaxes": 53.7,
        "nonRecurringItems": -39.1,
        "period": "2018-03-31",
        "pretaxIncome": 67.7,
        "provisionforIncomeTaxes": 14,
        "researchDevelopment": 65.1,
        "revenue": 668.7,
        "sgaExpense": 232.8,
        "totalOperatingExpense": 326.3,
        "totalOtherIncomeExpenseNet": 0
      },
      {
        "costOfGoodsSold": 229.9,
        "depreciationAmortization": 27.7,
        "dilutedAverageSharesOutstanding": 170.7,
        "dilutedEPS": 0.16,
        "ebit": 102.3,
        "grossIncome": 428.5,
        "interestExpense": 4.85,
        "interestIncomeExpense": -0.4,
        "netIncome": 27.5,
        "netIncomeAfterTaxes": 53.5,
        "nonRecurringItems": -70.2,
        "period": "2017-12-31",
        "pretaxIncome": 32.2,
        "provisionforIncomeTaxes": -21.3,
        "researchDevelopment": 59.7,
        "revenue": 658.5,
        "sgaExpense": 238.9,
        "totalOperatingExpense": 326.3,
        "totalOtherIncomeExpenseNet": 0.5
      },
      {
        "costOfGoodsSold": 225.5,
        "depreciationAmortization": 27.4,
        "dilutedAverageSharesOutstanding": 171.5,
        "dilutedEPS": 0.37,
        "ebit": 92.4,
        "grossIncome": 399,
        "interestExpense": 4.746,
        "interestIncomeExpense": -0.3,
        "netIncome": 63.9,
        "netIncomeAfterTaxes": 63.9,
        "nonRecurringItems": -1.1,
        "period": "2017-09-30",
        "pretaxIncome": 91.5,
        "provisionforIncomeTaxes": 27.6,
        "researchDevelopment": 57.2,
        "revenue": 624.4,
        "sgaExpense": 221.9,
        "totalOperatingExpense": 306.6,
        "totalOtherIncomeExpenseNet": 0.5
      },
      {
        "costOfGoodsSold": 214.7,
        "depreciationAmortization": 25.8,
        "dilutedAverageSharesOutstanding": 173.4,
        "dilutedEPS": 0.33,
        "ebit": 91.6,
        "grossIncome": 391.2,
        "interestExpense": 4.646,
        "interestIncomeExpense": -0.4,
        "netIncome": 56.8,
        "netIncomeAfterTaxes": 56.8,
        "nonRecurringItems": -6,
        "period": "2017-06-30",
        "pretaxIncome": 85.8,
        "provisionforIncomeTaxes": 29,
        "researchDevelopment": 53.4,
        "revenue": 605.8,
        "sgaExpense": 220.3,
        "totalOperatingExpense": 299.5,
        "totalOtherIncomeExpenseNet": 0.6
      },
      {
        "costOfGoodsSold": 205.7,
        "depreciationAmortization": 26.1,
        "dilutedAverageSharesOutstanding": 175.2,
        "dilutedEPS": 0.43,
        "ebit": 105.1,
        "grossIncome": 394.6,
        "interestExpense": 4.597,
        "interestIncomeExpense": 0,
        "netIncome": 74.6,
        "netIncomeAfterTaxes": 74.6,
        "nonRecurringItems": 0.2,
        "period": "2017-03-31",
        "pretaxIncome": 104.7,
        "provisionforIncomeTaxes": 30.1,
        "researchDevelopment": 52.2,
        "revenue": 600.3,
        "sgaExpense": 211.2,
        "totalOperatingExpense": 289.5,
        "totalOtherIncomeExpenseNet": -0.7
      },
      {
        "costOfGoodsSold": 203.5,
        "depreciationAmortization": 24.3,
        "dilutedAverageSharesOutstanding": 175.3,
        "dilutedEPS": 0.52,
        "ebit": 124.1,
        "grossIncome": 412.6,
        "interestExpense": 4.68,
        "interestIncomeExpense": -0.5,
        "netIncome": 91.6,
        "netIncomeAfterTaxes": 91.6,
        "nonRecurringItems": -0.6,
        "period": "2016-12-31",
        "pretaxIncome": 125.8,
        "provisionforIncomeTaxes": 34.2,
        "researchDevelopment": 46.8,
        "revenue": 616.1,
        "sgaExpense": 217.4,
        "totalOperatingExpense": 288.5,
        "totalOtherIncomeExpenseNet": 2.8
      },
      {
        "costOfGoodsSold": 204.5,
        "depreciationAmortization": 23.3,
        "dilutedAverageSharesOutstanding": 175.6,
        "dilutedEPS": 0.43,
        "ebit": 115,
        "grossIncome": 379.6,
        "interestExpense": 4.666,
        "interestIncomeExpense": -0.9,
        "netIncome": 76,
        "netIncomeAfterTaxes": 76,
        "nonRecurringItems": -3.2,
        "period": "2016-09-30",
        "pretaxIncome": 111.7,
        "provisionforIncomeTaxes": 35.7,
        "researchDevelopment": 42.3,
        "revenue": 584.1,
        "sgaExpense": 199,
        "totalOperatingExpense": 264.6,
        "totalOtherIncomeExpenseNet": 0.8
      },
      {
        "costOfGoodsSold": 206.3,
        "depreciationAmortization": 22.7,
        "dilutedAverageSharesOutstanding": 176.4,
        "dilutedEPS": 0.42,
        "ebit": 111,
        "grossIncome": 365.8,
        "interestExpense": 4.639,
        "interestIncomeExpense": -1.2,
        "netIncome": 73.6,
        "netIncomeAfterTaxes": 73.6,
        "nonRecurringItems": -0.8,
        "period": "2016-06-30",
        "pretaxIncome": 109.3,
        "provisionforIncomeTaxes": 35.7,
        "researchDevelopment": 37.7,
        "revenue": 572.1,
        "sgaExpense": 194.4,
        "totalOperatingExpense": 254.9,
        "totalOtherIncomeExpenseNet": 0.4
      },
      {
        "costOfGoodsSold": 194.7,
        "depreciationAmortization": 22.1,
        "dilutedAverageSharesOutstanding": 177.5,
        "dilutedEPS": 0.42,
        "ebit": 121,
        "grossIncome": 373,
        "interestExpense": 4.653,
        "interestIncomeExpense": -1.3,
        "netIncome": 74.9,
        "netIncomeAfterTaxes": 74.9,
        "nonRecurringItems": -6.9,
        "period": "2016-03-31",
        "pretaxIncome": 112.6,
        "provisionforIncomeTaxes": 37.7,
        "researchDevelopment": 40.8,
        "revenue": 567.7,
        "sgaExpense": 189,
        "totalOperatingExpense": 252,
        "totalOtherIncomeExpenseNet": -0.2
      },
      {
        "costOfGoodsSold": 193.2,
        "depreciationAmortization": 21.9,
        "dilutedAverageSharesOutstanding": 179.7,
        "dilutedEPS": 0.49,
        "ebit": 123.6,
        "grossIncome": 385.9,
        "interestExpense": 17.312,
        "interestIncomeExpense": -14.4,
        "netIncome": 88.4,
        "netIncomeAfterTaxes": 88.4,
        "nonRecurringItems": -0.9,
        "period": "2015-12-31",
        "pretaxIncome": 120.5,
        "provisionforIncomeTaxes": 32.1,
        "researchDevelopment": 37.7,
        "revenue": 579.2,
        "sgaExpense": 202.8,
        "totalOperatingExpense": 262.4,
        "totalOtherIncomeExpenseNet": 12.2
      },
      {
        "costOfGoodsSold": 183.2,
        "depreciationAmortization": 20.9,
        "dilutedAverageSharesOutstanding": 180.4,
        "dilutedEPS": 0.49,
        "ebit": 116,
        "grossIncome": 367.8,
        "interestExpense": -0.251,
        "interestIncomeExpense": 3,
        "netIncome": 88,
        "netIncomeAfterTaxes": 88,
        "nonRecurringItems": -0.3,
        "period": "2015-09-30",
        "pretaxIncome": 114,
        "provisionforIncomeTaxes": 25.9,
        "researchDevelopment": 38.4,
        "revenue": 551,
        "sgaExpense": 192.6,
        "totalOperatingExpense": 251.8,
        "totalOtherIncomeExpenseNet": -4.7
      }
    ],
    "symbol": "AKAM"
  }
}