{
  "symbol": "BG",
  "statement": "ic",
  "frequency": "quarterly",
  "timestamp": "2025-09-19T13:57:11.259170",
  "data": {
    "financials": [
      {
        "costOfGoodsSold": 12031,
        "dilutedAverageSharesOutstanding": 135.5992,
        "dilutedEPS": 2.6106,
        "ebit": 374,
        "grossIncome": 738,
        "interestExpense": 106,
        "interestIncomeExpense": -20,
        "minorityInterest": -16,
        "netIncome": 354,
        "netIncomeAfterTaxes": 370,
        "nonRecurringItems": 117,
        "otherOperatingExpensesTotal": -16,
        "period": "2025-06-30",
        "pretaxIncome": 494,
        "provisionforIncomeTaxes": 124,
        "revenue": 12769,
        "sgaExpense": 380,
        "totalOperatingExpense": 364,
        "totalOtherIncomeExpenseNet": 23
      },
      {
        "costOfGoodsSold": 11046,
        "dilutedAverageSharesOutstanding": 135.4078,
        "dilutedEPS": 1.4844,
        "ebit": 249,
        "grossIncome": 597,
        "interestExpense": 104,
        "interestIncomeExpense": 6,
        "minorityInterest": -3,
        "netIncome": 201,
        "netIncomeAfterTaxes": 204,
        "nonRecurringItems": -32,
        "period": "2025-03-31",
        "pretaxIncome": 284,
        "provisionforIncomeTaxes": 80,
        "revenue": 11643,
        "sgaExpense": 348,
        "totalOperatingExpense": 348,
        "totalOtherIncomeExpenseNet": 61
      },
      {
        "costOfGoodsSold": 12461,
        "dilutedAverageSharesOutstanding": 138,
        "dilutedEPS": 4.36,
        "ebit": 630,
        "grossIncome": 1081,
        "interestExpense": 113,
        "interestIncomeExpense": -155,
        "minorityInterest": -3,
        "netIncome": 602,
        "netIncomeAfterTaxes": 605,
        "period": "2024-12-31",
        "pretaxIncome": 705,
        "provisionforIncomeTaxes": 100,
        "revenue": 13542,
        "sgaExpense": 451,
        "totalOperatingExpense": 451,
        "totalOtherIncomeExpenseNet": 230
      },
      {
        "costOfGoodsSold": 12136,
        "dilutedAverageSharesOutstanding": 142.146,
        "dilutedEPS": 1.55,
        "ebit": 397,
        "grossIncome": 772,
        "interestExpense": 127,
        "interestIncomeExpense": -74,
        "minorityInterest": -12,
        "netIncome": 221,
        "netIncomeAfterTaxes": 233,
        "nonRecurringItems": -81,
        "period": "2024-09-30",
        "pretaxIncome": 322,
        "provisionforIncomeTaxes": 89,
        "revenue": 12908,
        "sgaExpense": 375,
        "totalOperatingExpense": 375,
        "totalOtherIncomeExpenseNet": 80
      },
      {
        "costOfGoodsSold": 12577,
        "dilutedAverageSharesOutstanding": 143.185,
        "dilutedEPS": 0.49,
        "ebit": 277,
        "grossIncome": 664,
        "interestExpense": 123,
        "interestIncomeExpense": -173,
        "minorityInterest": -3,
        "netIncome": 70,
        "netIncomeAfterTaxes": 73,
        "nonRecurringItems": -62,
        "period": "2024-06-30",
        "pretaxIncome": 103,
        "provisionforIncomeTaxes": 30,
        "revenue": 13241,
        "sgaExpense": 387,
        "totalOperatingExpense": 387,
        "totalOtherIncomeExpenseNet": 61
      },
      {
        "costOfGoodsSold": 12541,
        "dilutedAverageSharesOutstanding": 145.414,
        "dilutedEPS": 1.68,
        "ebit": 498,
        "grossIncome": 876,
        "interestExpense": 108,
        "interestIncomeExpense": -137,
        "minorityInterest": -8,
        "netIncome": 244,
        "netIncomeAfterTaxes": 252,
        "nonRecurringItems": -61,
        "period": "2024-03-31",
        "pretaxIncome": 369,
        "provisionforIncomeTaxes": 117,
        "revenue": 13417,
        "sgaExpense": 378,
        "totalOperatingExpense": 378,
        "totalOtherIncomeExpenseNet": 69
      },
      {
        "costOfGoodsSold": 13645,
        "dilutedAverageSharesOutstanding": 147.476,
        "dilutedEPS": 4.18,
        "ebit": 844,
        "grossIncome": 1291,
        "interestExpense": 142,
        "interestIncomeExpense": 36,
        "minorityInterest": -44,
        "netIncome": 616,
        "netIncomeAfterTaxes": 660,
        "nonRecurringItems": -85,
        "period": "2023-12-31",
        "pretaxIncome": 879,
        "provisionforIncomeTaxes": 219,
        "revenue": 14936,
        "sgaExpense": 447,
        "totalOperatingExpense": 447,
        "totalOtherIncomeExpenseNet": 84
      },
      {
        "costOfGoodsSold": 13192,
        "dilutedAverageSharesOutstanding": 151.217,
        "dilutedEPS": 2.47,
        "ebit": 636,
        "grossIncome": 1035,
        "interestExpense": 133,
        "interestIncomeExpense": -107,
        "minorityInterest": -16,
        "netIncome": 373,
        "netIncomeAfterTaxes": 389,
        "nonRecurringItems": -58,
        "period": "2023-09-30",
        "pretaxIncome": 503,
        "provisionforIncomeTaxes": 114,
        "revenue": 14227,
        "sgaExpense": 399,
        "totalOperatingExpense": 399,
        "totalOtherIncomeExpenseNet": 32
      },
      {
        "costOfGoodsSold": 13693,
        "dilutedAverageSharesOutstanding": 152.179,
        "dilutedEPS": 4.09,
        "ebit": 954,
        "grossIncome": 1356,
        "interestExpense": 129,
        "interestIncomeExpense": -129,
        "minorityInterest": -7,
        "netIncome": 622,
        "netIncomeAfterTaxes": 629,
        "nonRecurringItems": -9,
        "period": "2023-06-30",
        "pretaxIncome": 827,
        "provisionforIncomeTaxes": 198,
        "revenue": 15049,
        "sgaExpense": 402,
        "totalOperatingExpense": 402,
        "totalOtherIncomeExpenseNet": 11
      },
      {
        "costOfGoodsSold": 14157,
        "dilutedAverageSharesOutstanding": 152.264,
        "dilutedEPS": 4.15,
        "ebit": 818,
        "grossIncome": 1171,
        "interestExpense": 112,
        "interestIncomeExpense": -8,
        "minorityInterest": -27,
        "netIncome": 632,
        "netIncomeAfterTaxes": 659,
        "nonRecurringItems": 10,
        "period": "2023-03-31",
        "pretaxIncome": 842,
        "provisionforIncomeTaxes": 183,
        "revenue": 15328,
        "sgaExpense": 353,
        "totalOperatingExpense": 353,
        "totalOtherIncomeExpenseNet": 22
      },
      {
        "costOfGoodsSold": 15823,
        "dilutedAverageSharesOutstanding": 151.996,
        "dilutedEPS": 2.21,
        "ebit": 447,
        "grossIncome": 837,
        "interestExpense": 97,
        "interestIncomeExpense": 56,
        "minorityInterest": -38,
        "netIncome": 336,
        "netIncomeAfterTaxes": 374,
        "nonRecurringItems": -19,
        "period": "2022-12-31",
        "pretaxIncome": 505,
        "provisionforIncomeTaxes": 131,
        "revenue": 16660,
        "sgaExpense": 390,
        "totalOperatingExpense": 390,
        "totalOtherIncomeExpenseNet": 21
      },
      {
        "costOfGoodsSold": 15787,
        "dilutedAverageSharesOutstanding": 152.42,
        "dilutedEPS": 2.49,
        "ebit": 635,
        "grossIncome": 972,
        "interestExpense": 103,
        "interestIncomeExpense": -104,
        "minorityInterest": -3,
        "netIncome": 380,
        "netIncomeAfterTaxes": 383,
        "nonRecurringItems": -84,
        "period": "2022-09-30",
        "pretaxIncome": 496,
        "provisionforIncomeTaxes": 113,
        "revenue": 16759,
        "sgaExpense": 337,
        "totalOperatingExpense": 337,
        "totalOtherIncomeExpenseNet": 49
      },
      {
        "costOfGoodsSold": 17160,
        "dilutedAverageSharesOutstanding": 154.073,
        "dilutedEPS": 1.34,
        "ebit": 439,
        "grossIncome": 773,
        "interestExpense": 92,
        "interestIncomeExpense": -189,
        "minorityInterest": -19,
        "netIncome": 206,
        "netIncomeAfterTaxes": 225,
        "nonRecurringItems": -1,
        "period": "2022-06-30",
        "pretaxIncome": 261,
        "provisionforIncomeTaxes": 36,
        "revenue": 17933,
        "sgaExpense": 334,
        "totalOperatingExpense": 334,
        "totalOtherIncomeExpenseNet": 12
      },
      {
        "costOfGoodsSold": 14675,
        "dilutedAverageSharesOutstanding": 153.621,
        "dilutedEPS": 4.48,
        "ebit": 897,
        "grossIncome": 1205,
        "interestExpense": 111,
        "interestIncomeExpense": -147,
        "minorityInterest": -8,
        "netIncome": 688,
        "netIncomeAfterTaxes": 696,
        "nonRecurringItems": -1,
        "period": "2022-03-31",
        "pretaxIncome": 804,
        "provisionforIncomeTaxes": 108,
        "revenue": 15880,
        "sgaExpense": 308,
        "totalOperatingExpense": 308,
        "totalOtherIncomeExpenseNet": 55
      },
      {
        "costOfGoodsSold": 15824,
        "dilutedAverageSharesOutstanding": 152.486,
        "dilutedEPS": 1.46,
        "ebit": 521,
        "gainLossOnDispositionOfAssets": 0,
        "grossIncome": 859,
        "interestExpense": 59,
        "interestIncomeExpense": -58,
        "minorityInterest": -1,
        "netIncome": 222,
        "netIncomeAfterTaxes": 232,
        "nonRecurringItems": -170,
        "period": "2021-12-31",
        "pretaxIncome": 296,
        "provisionforIncomeTaxes": 64,
        "revenue": 16683,
        "sgaExpense": 338,
        "totalOperatingExpense": 338,
        "totalOtherIncomeExpenseNet": 3
      },
      {
        "costOfGoodsSold": 13255,
        "dilutedAverageSharesOutstanding": 152.539,
        "dilutedEPS": 4.23,
        "ebit": 535,
        "grossIncome": 862,
        "interestExpense": 57,
        "interestIncomeExpense": 28,
        "minorityInterest": 4,
        "netIncome": 645,
        "netIncomeAfterTaxes": 649,
        "period": "2021-09-30",
        "pretaxIncome": 741,
        "provisionforIncomeTaxes": 92,
        "revenue": 14117,
        "sgaExpense": 327,
        "totalOperatingExpense": 327,
        "totalOtherIncomeExpenseNet": 178
      },
      {
        "costOfGoodsSold": 14726,
        "dilutedAverageSharesOutstanding": 152.68,
        "dilutedEPS": 2.31,
        "ebit": 368,
        "grossIncome": 665,
        "interestExpense": 54,
        "interestIncomeExpense": 32,
        "minorityInterest": -7,
        "netIncome": 353,
        "netIncomeAfterTaxes": 369,
        "period": "2021-06-30",
        "pretaxIncome": 419,
        "provisionforIncomeTaxes": 50,
        "revenue": 15391,
        "sgaExpense": 297,
        "totalOperatingExpense": 297,
        "totalOtherIncomeExpenseNet": 19
      },
      {
        "costOfGoodsSold": 11814,
        "dilutedAverageSharesOutstanding": 150.612,
        "dilutedEPS": 5.46,
        "ebit": 876,
        "gainLossOnDispositionOfAssets": 238,
        "grossIncome": 1147,
        "interestExpense": 73,
        "interestIncomeExpense": -36,
        "minorityInterest": -86,
        "netIncome": 823,
        "netIncomeAfterTaxes": 917,
        "period": "2021-03-31",
        "pretaxIncome": 1109,
        "provisionforIncomeTaxes": 192,
        "revenue": 12961,
        "sgaExpense": 271,
        "totalOperatingExpense": 271,
        "totalOtherIncomeExpenseNet": 31
      },
      {
        "costOfGoodsSold": 11706,
        "dilutedAverageSharesOutstanding": 149.133,
        "dilutedEPS": 3.69,
        "ebit": 539,
        "grossIncome": 904,
        "interestExpense": 70,
        "interestIncomeExpense": 40,
        "minorityInterest": -18,
        "netIncome": 550,
        "netIncomeAfterTaxes": 569,
        "nonRecurringItems": 0,
        "period": "2020-12-31",
        "pretaxIncome": 666,
        "provisionforIncomeTaxes": 97,
        "revenue": 12610,
        "sgaExpense": 365,
        "totalOperatingExpense": 365,
        "totalOtherIncomeExpenseNet": 87
      },
      {
        "costOfGoodsSold": 9557,
        "dilutedAverageSharesOutstanding": 148.55,
        "dilutedEPS": 1.79,
        "ebit": 250,
        "grossIncome": 602,
        "interestExpense": 56,
        "interestIncomeExpense": 42,
        "minorityInterest": -5,
        "netIncome": 266,
        "netIncomeAfterTaxes": 267,
        "period": "2020-09-30",
        "pretaxIncome": 305,
        "provisionforIncomeTaxes": 38,
        "revenue": 10159,
        "sgaExpense": 352,
        "totalOperatingExpense": 352,
        "totalOtherIncomeExpenseNet": 13
      },
      {
        "costOfGoodsSold": 8357,
        "dilutedAverageSharesOutstanding": 150.203,
        "dilutedEPS": 3.41,
        "ebit": 759,
        "grossIncome": 1105,
        "interestExpense": 62,
        "interestIncomeExpense": -84,
        "minorityInterest": -6,
        "netIncome": 512,
        "netIncomeAfterTaxes": 522,
        "period": "2020-06-30",
        "pretaxIncome": 690,
        "provisionforIncomeTaxes": 168,
        "revenue": 9462,
        "sgaExpense": 346,
        "totalOperatingExpense": 346,
        "totalOtherIncomeExpenseNet": 15
      },
      {
        "costOfGoodsSold": 8999,
        "dilutedAverageSharesOutstanding": 141.899,
        "dilutedEPS": -1.46,
        "ebit": -121,
        "grossIncome": 174,
        "interestExpense": 77,
        "interestIncomeExpense": -76,
        "minorityInterest": 9,
        "netIncome": -207,
        "netIncomeAfterTaxes": -193,
        "period": "2020-03-31",
        "pretaxIncome": -248,
        "provisionforIncomeTaxes": -55,
        "revenue": 9173,
        "sgaExpense": 295,
        "totalOperatingExpense": 295,
        "totalOtherIncomeExpenseNet": -51
      },
      {
        "costOfGoodsSold": 8534,
        "dilutedAverageSharesOutstanding": 141.701,
        "dilutedEPS": -0.47,
        "ebit": 1904,
        "grossIncome": 2249,
        "interestExpense": 88,
        "interestIncomeExpense": -87,
        "minorityInterest": 20,
        "netIncome": -68,
        "netIncomeAfterTaxes": -82,
        "nonRecurringItems": -1825,
        "period": "2019-12-31",
        "pretaxIncome": -55,
        "provisionforIncomeTaxes": 27,
        "revenue": 10783,
        "sgaExpense": 345,
        "totalOperatingExpense": 345,
        "totalOtherIncomeExpenseNet": -47
      },
      {
        "costOfGoodsSold": 11301,
        "dilutedAverageSharesOutstanding": 141.562,
        "dilutedEPS": -10.57,
        "ebit": -1307,
        "grossIncome": -978,
        "interestExpense": 84,
        "interestIncomeExpense": -207,
        "minorityInterest": -6,
        "netIncome": -1496,
        "netIncomeAfterTaxes": -1482,
        "period": "2019-09-30",
        "pretaxIncome": -1510,
        "provisionforIncomeTaxes": -28,
        "revenue": 10323,
        "sgaExpense": 329,
        "totalOperatingExpense": 329,
        "totalOtherIncomeExpenseNet": 4
      },
      {
        "costOfGoodsSold": 9584,
        "dilutedAverageSharesOutstanding": 150.137,
        "dilutedEPS": 1.37,
        "ebit": 177,
        "grossIncome": 512,
        "interestExpense": 76,
        "interestIncomeExpense": -92,
        "minorityInterest": 2,
        "netIncome": 205,
        "netIncomeAfterTaxes": 212,
        "period": "2019-06-30",
        "pretaxIncome": 272,
        "provisionforIncomeTaxes": 60,
        "revenue": 10096,
        "sgaExpense": 335,
        "totalOperatingExpense": 335,
        "totalOtherIncomeExpenseNet": 187
      },
      {
        "costOfGoodsSold": 9501,
        "dilutedAverageSharesOutstanding": 141.559,
        "dilutedEPS": 0.26,
        "ebit": 132,
        "grossIncome": 437,
        "interestExpense": 69,
        "interestIncomeExpense": -75,
        "minorityInterest": -5,
        "netIncome": 37,
        "netIncomeAfterTaxes": 50,
        "period": "2019-03-31",
        "pretaxIncome": 88,
        "provisionforIncomeTaxes": 38,
        "revenue": 9938,
        "sgaExpense": 305,
        "totalOperatingExpense": 305,
        "totalOtherIncomeExpenseNet": 31
      },
      {
        "costOfGoodsSold": 11121,
        "dilutedAverageSharesOutstanding": 141.101,
        "dilutedEPS": -0.52,
        "ebit": 53,
        "grossIncome": 422,
        "interestExpense": 70,
        "interestIncomeExpense": -75,
        "minorityInterest": -7,
        "netIncome": -74,
        "netIncomeAfterTaxes": -97,
        "nonRecurringItems": 0,
        "period": "2018-12-31",
        "pretaxIncome": 17,
        "provisionforIncomeTaxes": 114,
        "revenue": 11543,
        "sgaExpense": 369,
        "totalOperatingExpense": 369,
        "totalOtherIncomeExpenseNet": 39
      },
      {
        "costOfGoodsSold": 10494,
        "dilutedAverageSharesOutstanding": 149.905,
        "dilutedEPS": 2.39,
        "ebit": 585,
        "grossIncome": 918,
        "interestExpense": 98,
        "interestIncomeExpense": -114,
        "minorityInterest": -9,
        "netIncome": 357,
        "netIncomeAfterTaxes": 367,
        "period": "2018-09-30",
        "pretaxIncome": 452,
        "provisionforIncomeTaxes": 85,
        "revenue": 11412,
        "sgaExpense": 333,
        "totalOperatingExpense": 333,
        "totalOtherIncomeExpenseNet": -19
      },
      {
        "costOfGoodsSold": 11605,
        "dilutedAverageSharesOutstanding": 140.959,
        "dilutedEPS": -0.14,
        "ebit": 165,
        "grossIncome": 542,
        "interestExpense": 94,
        "interestIncomeExpense": -184,
        "minorityInterest": -2,
        "netIncome": -21,
        "netIncomeAfterTaxes": -17,
        "period": "2018-06-30",
        "pretaxIncome": -15,
        "provisionforIncomeTaxes": 2,
        "revenue": 12147,
        "sgaExpense": 377,
        "totalOperatingExpense": 377,
        "totalOtherIncomeExpenseNet": 4
      },
      {
        "costOfGoodsSold": 10257,
        "dilutedAverageSharesOutstanding": 140.737,
        "dilutedEPS": -0.19,
        "ebit": 40,
        "grossIncome": 384,
        "interestExpense": 70,
        "interestIncomeExpense": -62,
        "minorityInterest": -2,
        "netIncome": -29,
        "netIncomeAfterTaxes": -17,
        "period": "2018-03-31",
        "pretaxIncome": 2,
        "provisionforIncomeTaxes": 19,
        "revenue": 10641,
        "sgaExpense": 344,
        "totalOperatingExpense": 344,
        "totalOtherIncomeExpenseNet": 24
      },
      {
        "costOfGoodsSold": 11146,
        "dilutedAverageSharesOutstanding": 140.633,
        "dilutedEPS": -0.49,
        "ebit": 60,
        "grossIncome": 459,
        "interestExpense": 72,
        "interestIncomeExpense": -54,
        "minorityInterest": -7,
        "netIncome": -69,
        "netIncomeAfterTaxes": -20,
        "nonRecurringItems": -17,
        "period": "2017-12-31",
        "pretaxIncome": 1,
        "provisionforIncomeTaxes": 21,
        "revenue": 11605,
        "sgaExpense": 399,
        "totalOperatingExpense": 399,
        "totalOtherIncomeExpenseNet": 12
      },
      {
        "costOfGoodsSold": 10933,
        "dilutedAverageSharesOutstanding": 141.556,
        "dilutedEPS": 0.59,
        "ebit": 150,
        "grossIncome": 490,
        "interestExpense": 64,
        "interestIncomeExpense": -54,
        "minorityInterest": 0,
        "netIncome": 84,
        "netIncomeAfterTaxes": 92,
        "period": "2017-09-30",
        "pretaxIncome": 121,
        "provisionforIncomeTaxes": 29,
        "revenue": 11423,
        "sgaExpense": 340,
        "totalOperatingExpense": 340,
        "totalOtherIncomeExpenseNet": 25
      },
      {
        "costOfGoodsSold": 11290,
        "dilutedAverageSharesOutstanding": 141.399,
        "dilutedEPS": 0.5,
        "ebit": 27,
        "grossIncome": 355,
        "interestExpense": 62,
        "interestIncomeExpense": -3,
        "minorityInterest": -6,
        "netIncome": 72,
        "netIncomeAfterTaxes": 81,
        "period": "2017-06-30",
        "pretaxIncome": 26,
        "provisionforIncomeTaxes": -55,
        "revenue": 11645,
        "sgaExpense": 328,
        "totalOperatingExpense": 328,
        "totalOtherIncomeExpenseNet": 2
      },
      {
        "costOfGoodsSold": 10661,
        "dilutedAverageSharesOutstanding": 140.897,
        "dilutedEPS": 0.27,
        "ebit": 82,
        "grossIncome": 460,
        "interestExpense": 65,
        "interestIncomeExpense": 3,
        "minorityInterest": -1,
        "netIncome": 39,
        "netIncomeAfterTaxes": 54,
        "period": "2017-03-31",
        "pretaxIncome": 82,
        "provisionforIncomeTaxes": 28,
        "revenue": 11121,
        "sgaExpense": 378,
        "totalOperatingExpense": 378,
        "totalOtherIncomeExpenseNet": -3
      },
      {
        "costOfGoodsSold": 11095,
        "dilutedAverageSharesOutstanding": 139.473,
        "dilutedEPS": 1.89,
        "ebit": 359,
        "grossIncome": 704,
        "interestExpense": 45,
        "interestIncomeExpense": 78,
        "minorityInterest": -14,
        "netIncome": 262,
        "netIncomeAfterTaxes": 286,
        "nonRecurringItems": -71,
        "period": "2016-12-31",
        "pretaxIncome": 388,
        "provisionforIncomeTaxes": 102,
        "revenue": 11799,
        "sgaExpense": 345,
        "totalOperatingExpense": 345,
        "totalOtherIncomeExpenseNet": 22
      },
      {
        "costOfGoodsSold": 10867,
        "dilutedAverageSharesOutstanding": 139.928,
        "dilutedEPS": 0.82,
        "ebit": 232,
        "grossIncome": 556,
        "interestExpense": 73,
        "interestIncomeExpense": -66,
        "minorityInterest": -12,
        "netIncome": 116,
        "netIncomeAfterTaxes": 125,
        "period": "2016-09-30",
        "pretaxIncome": 170,
        "provisionforIncomeTaxes": 45,
        "revenue": 11423,
        "sgaExpense": 324,
        "totalOperatingExpense": 324,
        "totalOtherIncomeExpenseNet": 4
      },
      {
        "costOfGoodsSold": 10011,
        "dilutedAverageSharesOutstanding": 139.765,
        "dilutedEPS": 0.77,
        "ebit": 227,
        "grossIncome": 530,
        "interestExpense": 59,
        "interestIncomeExpense": -51,
        "minorityInterest": 1,
        "netIncome": 109,
        "netIncomeAfterTaxes": 124,
        "period": "2016-06-30",
        "pretaxIncome": 163,
        "provisionforIncomeTaxes": 39,
        "revenue": 10541,
        "sgaExpense": 303,
        "totalOperatingExpense": 303,
        "totalOtherIncomeExpenseNet": -13
      },
      {
        "costOfGoodsSold": 8296,
        "dilutedAverageSharesOutstanding": 149.213,
        "dilutedEPS": 1.48,
        "ebit": 306,
        "grossIncome": 620,
        "interestExpense": 57,
        "interestIncomeExpense": -26,
        "minorityInterest": 3,
        "netIncome": 222,
        "netIncomeAfterTaxes": 241,
        "period": "2016-03-31",
        "pretaxIncome": 275,
        "provisionforIncomeTaxes": 34,
        "revenue": 8916,
        "sgaExpense": 314,
        "totalOperatingExpense": 314,
        "totalOtherIncomeExpenseNet": -5
      },
      {
        "costOfGoodsSold": 10402,
        "dilutedAverageSharesOutstanding": 150.872,
        "dilutedEPS": 1.25,
        "ebit": 318,
        "grossIncome": 703,
        "interestExpense": 71,
        "interestIncomeExpense": -63,
        "minorityInterest": 0,
        "netIncome": 188,
        "netIncomeAfterTaxes": 204,
        "nonRecurringItems": -13,
        "period": "2015-12-31",
        "pretaxIncome": 230,
        "provisionforIncomeTaxes": 26,
        "revenue": 11105,
        "sgaExpense": 385,
        "totalOperatingExpense": 385,
        "totalOtherIncomeExpenseNet": -12
      },
      {
        "costOfGoodsSold": 10017,
        "dilutedAverageSharesOutstanding": 151.794,
        "dilutedEPS": 1.5,
        "ebit": 387,
        "grossIncome": 745,
        "interestExpense": 77,
        "interestIncomeExpense": -36,
        "minorityInterest": 5,
        "netIncome": 229,
        "netIncomeAfterTaxes": 213,
        "period": "2015-09-30",
        "pretaxIncome": 353,
        "provisionforIncomeTaxes": 140,
        "revenue": 10762,
        "sgaExpense": 358,
        "totalOperatingExpense": 358,
        "totalOtherIncomeExpenseNet": 2
      }
    ],
    "symbol": "BG"
  }
}