{
  "symbol": "JKHY",
  "statement": "ic",
  "frequency": "quarterly",
  "timestamp": "2025-09-19T14:02:27.790901",
  "data": {
    "financials": [
      {
        "costOfGoodsSold": 343.879,
        "dilutedAverageSharesOutstanding": 73.005,
        "dilutedEPS": 1.7479,
        "ebit": 155.697,
        "grossIncome": 271.493,
        "interestExpense": 2.102,
        "interestIncomeExpense": 4.252,
        "netIncome": 127.604,
        "netIncomeAfterTaxes": 127.604,
        "period": "2025-06-30",
        "pretaxIncome": 159.949,
        "provisionforIncomeTaxes": 32.345,
        "researchDevelopment": 42.58,
        "revenue": 615.372,
        "sgaExpense": 73.216,
        "totalOperatingExpense": 115.796
      },
      {
        "costOfGoodsSold": 340.586,
        "dilutedAverageSharesOutstanding": 73.013,
        "dilutedEPS": 1.5218,
        "ebit": 138.74,
        "grossIncome": 244.501,
        "interestExpense": 2.731,
        "interestIncomeExpense": 3.168,
        "netIncome": 111.108,
        "netIncomeAfterTaxes": 111.108,
        "period": "2025-03-31",
        "pretaxIncome": 141.908,
        "provisionforIncomeTaxes": 30.8,
        "researchDevelopment": 39.411,
        "revenue": 585.087,
        "sgaExpense": 66.35,
        "totalOperatingExpense": 105.761
      },
      {
        "costOfGoodsSold": 332.85,
        "dilutedAverageSharesOutstanding": 73.082,
        "dilutedEPS": 1.3388,
        "ebit": 123.002,
        "grossIncome": 240.998,
        "interestExpense": 2.78,
        "interestIncomeExpense": 4.379,
        "netIncome": 97.845,
        "netIncomeAfterTaxes": 97.845,
        "period": "2024-12-31",
        "pretaxIncome": 127.381,
        "provisionforIncomeTaxes": 29.536,
        "researchDevelopment": 41.095,
        "revenue": 573.848,
        "sgaExpense": 76.901,
        "totalOperatingExpense": 117.996
      },
      {
        "costOfGoodsSold": 343.432,
        "dilutedAverageSharesOutstanding": 73.078,
        "dilutedEPS": 1.631,
        "ebit": 151.276,
        "grossIncome": 257.55,
        "interestExpense": 2.825,
        "interestIncomeExpense": 5.522,
        "netIncome": 119.191,
        "netIncomeAfterTaxes": 119.191,
        "period": "2024-09-30",
        "pretaxIncome": 156.798,
        "provisionforIncomeTaxes": 37.607,
        "researchDevelopment": 39.686,
        "revenue": 600.982,
        "sgaExpense": 66.588,
        "totalOperatingExpense": 106.274
      },
      {
        "costOfGoodsSold": 327.272,
        "dilutedAverageSharesOutstanding": 73.07,
        "dilutedEPS": 1.3832,
        "ebit": 125.626,
        "grossIncome": 232.64,
        "interestExpense": 3.889,
        "interestIncomeExpense": 4.758,
        "netIncome": 101.073,
        "netIncomeAfterTaxes": 101.073,
        "period": "2024-06-30",
        "pretaxIncome": 130.384,
        "provisionforIncomeTaxes": 29.311,
        "researchDevelopment": 39.893,
        "revenue": 559.912,
        "sgaExpense": 67.121,
        "totalOperatingExpense": 107.014
      },
      {
        "costOfGoodsSold": 328.224,
        "dilutedAverageSharesOutstanding": 73.031,
        "dilutedEPS": 1.1926,
        "ebit": 112.099,
        "grossIncome": 210.338,
        "interestExpense": 4.433,
        "interestIncomeExpense": 2.066,
        "netIncome": 87.099,
        "netIncomeAfterTaxes": 87.099,
        "period": "2024-03-31",
        "pretaxIncome": 114.165,
        "provisionforIncomeTaxes": 27.066,
        "researchDevelopment": 35.993,
        "revenue": 538.562,
        "sgaExpense": 62.246,
        "totalOperatingExpense": 98.239
      },
      {
        "costOfGoodsSold": 320.979,
        "dilutedAverageSharesOutstanding": 72.984,
        "dilutedEPS": 1.2601,
        "ebit": 118.967,
        "grossIncome": 224.722,
        "interestExpense": 3.865,
        "interestIncomeExpense": 1.256,
        "netIncome": 91.965,
        "netIncomeAfterTaxes": 91.965,
        "period": "2023-12-31",
        "pretaxIncome": 120.223,
        "provisionforIncomeTaxes": 28.258,
        "researchDevelopment": 35.478,
        "revenue": 545.701,
        "sgaExpense": 70.277,
        "totalOperatingExpense": 105.755
      },
      {
        "costOfGoodsSold": 323,
        "dilutedAverageSharesOutstanding": 73,
        "dilutedEPS": 1.39,
        "ebit": 132.7,
        "grossIncome": 248.4,
        "interestExpense": 4.197,
        "interestIncomeExpense": 0.5,
        "netIncome": 101.7,
        "netIncomeAfterTaxes": 101.7,
        "period": "2023-09-30",
        "pretaxIncome": 133.2,
        "provisionforIncomeTaxes": 31.6,
        "researchDevelopment": 36.9,
        "revenue": 571.4,
        "sgaExpense": 78.8,
        "totalOperatingExpense": 115.7
      },
      {
        "costOfGoodsSold": 308.9,
        "dilutedAverageSharesOutstanding": 73,
        "dilutedEPS": 1.34,
        "ebit": 124.2,
        "grossIncome": 225.8,
        "interestExpense": 5.424,
        "interestIncomeExpense": -0.2,
        "netIncome": 97.8,
        "netIncomeAfterTaxes": 97.8,
        "period": "2023-06-30",
        "pretaxIncome": 124,
        "provisionforIncomeTaxes": 26.2,
        "researchDevelopment": 38.5,
        "revenue": 534.6,
        "sgaExpense": 63.1,
        "totalOperatingExpense": 101.5
      },
      {
        "costOfGoodsSold": 307.3,
        "dilutedAverageSharesOutstanding": 73.1,
        "dilutedEPS": 1.12,
        "ebit": 108.4,
        "grossIncome": 201.2,
        "interestExpense": 4.666,
        "interestIncomeExpense": -2.3,
        "netIncome": 81.5,
        "netIncomeAfterTaxes": 81.5,
        "period": "2023-03-31",
        "pretaxIncome": 106.1,
        "provisionforIncomeTaxes": 24.6,
        "researchDevelopment": 34.6,
        "revenue": 508.6,
        "sgaExpense": 58.2,
        "totalOperatingExpense": 92.9
      },
      {
        "costOfGoodsSold": 304.6,
        "dilutedAverageSharesOutstanding": 73.1,
        "dilutedEPS": 1.1,
        "ebit": 107.4,
        "grossIncome": 200.7,
        "interestExpense": 3.406,
        "interestIncomeExpense": -2.2,
        "netIncome": 80.8,
        "netIncomeAfterTaxes": 80.8,
        "period": "2022-12-31",
        "pretaxIncome": 105.2,
        "provisionforIncomeTaxes": 24.4,
        "researchDevelopment": 36.6,
        "revenue": 505.3,
        "sgaExpense": 56.8,
        "totalOperatingExpense": 93.3
      },
      {
        "costOfGoodsSold": 298.3,
        "dilutedAverageSharesOutstanding": 73.1,
        "dilutedEPS": 1.46,
        "ebit": 140.7,
        "grossIncome": 230.9,
        "interestExpense": 1.576,
        "interestIncomeExpense": -1.4,
        "netIncome": 106.5,
        "netIncomeAfterTaxes": 106.5,
        "period": "2022-09-30",
        "pretaxIncome": 139.3,
        "provisionforIncomeTaxes": 32.8,
        "researchDevelopment": 33,
        "revenue": 529.2,
        "sgaExpense": 57.2,
        "totalOperatingExpense": 90.2
      },
      {
        "costOfGoodsSold": 286.8,
        "dilutedAverageSharesOutstanding": 73.1,
        "dilutedEPS": 1.1,
        "ebit": 103.8,
        "grossIncome": 195.9,
        "interestExpense": 0.997,
        "interestIncomeExpense": -1,
        "netIncome": 80.4,
        "netIncomeAfterTaxes": 80.4,
        "nonRecurringItems": 0,
        "period": "2022-06-30",
        "pretaxIncome": 102.8,
        "provisionforIncomeTaxes": 22.4,
        "researchDevelopment": 34,
        "revenue": 482.7,
        "sgaExpense": 58.1,
        "totalOperatingExpense": 92.1
      },
      {
        "costOfGoodsSold": 282.3,
        "dilutedAverageSharesOutstanding": 73,
        "dilutedEPS": 1.16,
        "ebit": 111.6,
        "grossIncome": 195.9,
        "interestExpense": 0.691,
        "interestIncomeExpense": -0.7,
        "netIncome": 84.7,
        "netIncomeAfterTaxes": 84.7,
        "nonRecurringItems": 0,
        "period": "2022-03-31",
        "pretaxIncome": 110.9,
        "provisionforIncomeTaxes": 26.2,
        "researchDevelopment": 30.7,
        "revenue": 478.3,
        "sgaExpense": 53.6,
        "totalOperatingExpense": 84.4
      },
      {
        "costOfGoodsSold": 282.8,
        "dilutedAverageSharesOutstanding": 73.7,
        "dilutedEPS": 1.3,
        "ebit": 125.7,
        "grossIncome": 211.1,
        "interestExpense": 0.447,
        "interestIncomeExpense": -0.4,
        "netIncome": 95.7,
        "netIncomeAfterTaxes": 95.7,
        "nonRecurringItems": 0,
        "period": "2021-12-31",
        "pretaxIncome": 125.2,
        "provisionforIncomeTaxes": 29.6,
        "researchDevelopment": 29.9,
        "revenue": 493.9,
        "sgaExpense": 55.5,
        "totalOperatingExpense": 85.4
      },
      {
        "costOfGoodsSold": 276.6,
        "dilutedAverageSharesOutstanding": 74.1,
        "dilutedEPS": 1.38,
        "ebit": 133.6,
        "grossIncome": 211.4,
        "interestExpense": 0.248,
        "interestIncomeExpense": -0.2,
        "netIncome": 102.1,
        "netIncomeAfterTaxes": 102.1,
        "period": "2021-09-30",
        "pretaxIncome": 133.4,
        "provisionforIncomeTaxes": 31.2,
        "researchDevelopment": 26.8,
        "revenue": 488.1,
        "sgaExpense": 51.1,
        "totalOperatingExpense": 77.9
      },
      {
        "costOfGoodsSold": 274.9,
        "dilutedAverageSharesOutstanding": 74.2,
        "dilutedEPS": 1.04,
        "ebit": 92.3,
        "grossIncome": 175.4,
        "interestExpense": 0.619,
        "interestIncomeExpense": -0.6,
        "netIncome": 76.9,
        "netIncomeAfterTaxes": 76.9,
        "nonRecurringItems": 4,
        "period": "2021-06-30",
        "pretaxIncome": 95.7,
        "provisionforIncomeTaxes": 18.8,
        "researchDevelopment": 28.8,
        "revenue": 450.3,
        "sgaExpense": 54.2,
        "totalOperatingExpense": 83.1
      },
      {
        "costOfGoodsSold": 267.8,
        "dilutedAverageSharesOutstanding": 75.4,
        "dilutedEPS": 0.95,
        "ebit": 91.2,
        "grossIncome": 166,
        "interestExpense": 0.29,
        "interestIncomeExpense": -0.3,
        "netIncome": 71.4,
        "netIncomeAfterTaxes": 71.4,
        "nonRecurringItems": 0,
        "period": "2021-03-31",
        "pretaxIncome": 90.9,
        "provisionforIncomeTaxes": 19.5,
        "researchDevelopment": 27.4,
        "revenue": 433.8,
        "sgaExpense": 47.4,
        "totalOperatingExpense": 74.8
      },
      {
        "costOfGoodsSold": 257.8,
        "dilutedAverageSharesOutstanding": 76.3,
        "dilutedEPS": 0.94,
        "ebit": 95.6,
        "grossIncome": 164.6,
        "interestExpense": 0.117,
        "interestIncomeExpense": -0.1,
        "netIncome": 72,
        "netIncomeAfterTaxes": 72,
        "nonRecurringItems": -2,
        "period": "2020-12-31",
        "pretaxIncome": 93.6,
        "provisionforIncomeTaxes": 21.6,
        "researchDevelopment": 26.8,
        "revenue": 422.4,
        "sgaExpense": 42.1,
        "totalOperatingExpense": 68.9
      },
      {
        "costOfGoodsSold": 262.9,
        "dilutedAverageSharesOutstanding": 76.7,
        "dilutedEPS": 1.19,
        "ebit": 117.6,
        "grossIncome": 188.9,
        "interestExpense": 0.117,
        "interestIncomeExpense": 0,
        "netIncome": 91.2,
        "netIncomeAfterTaxes": 91.2,
        "period": "2020-09-30",
        "pretaxIncome": 117.5,
        "provisionforIncomeTaxes": 26.3,
        "researchDevelopment": 26.1,
        "revenue": 451.8,
        "sgaExpense": 45.2,
        "totalOperatingExpense": 71.3
      },
      {
        "costOfGoodsSold": 254.8,
        "dilutedAverageSharesOutstanding": 76.9,
        "dilutedEPS": 0.8,
        "ebit": 78.1,
        "grossIncome": 155.7,
        "interestExpense": 0.211,
        "interestIncomeExpense": -0.1,
        "netIncome": 61.3,
        "netIncomeAfterTaxes": 61.3,
        "nonRecurringItems": -1.3,
        "period": "2020-06-30",
        "pretaxIncome": 76.7,
        "provisionforIncomeTaxes": 15.3,
        "researchDevelopment": 29.9,
        "revenue": 410.5,
        "sgaExpense": 47.7,
        "totalOperatingExpense": 77.6
      },
      {
        "costOfGoodsSold": 258.6,
        "dilutedAverageSharesOutstanding": 76.9,
        "dilutedEPS": 0.96,
        "ebit": 95.1,
        "grossIncome": 170.8,
        "interestExpense": 0.165,
        "interestIncomeExpense": 0,
        "netIncome": 73.9,
        "netIncomeAfterTaxes": 73.9,
        "nonRecurringItems": -3.2,
        "period": "2020-03-31",
        "pretaxIncome": 92,
        "provisionforIncomeTaxes": 18.1,
        "researchDevelopment": 28.3,
        "revenue": 429.4,
        "sgaExpense": 47.4,
        "totalOperatingExpense": 75.7
      },
      {
        "costOfGoodsSold": 249.3,
        "dilutedAverageSharesOutstanding": 76.9,
        "dilutedEPS": 0.94,
        "ebit": 93.7,
        "grossIncome": 169.9,
        "interestExpense": 0.156,
        "interestIncomeExpense": 0.2,
        "netIncome": 72.1,
        "netIncomeAfterTaxes": 72.1,
        "period": "2019-12-31",
        "pretaxIncome": 93.9,
        "provisionforIncomeTaxes": 21.8,
        "researchDevelopment": 27.2,
        "revenue": 419.1,
        "sgaExpense": 49,
        "totalOperatingExpense": 76.1
      },
      {
        "costOfGoodsSold": 245.8,
        "dilutedAverageSharesOutstanding": 77.1,
        "dilutedEPS": 1.16,
        "ebit": 118.2,
        "grossIncome": 192.2,
        "interestExpense": 0.156,
        "interestIncomeExpense": 0.4,
        "netIncome": 89.4,
        "netIncomeAfterTaxes": 89.4,
        "period": "2019-09-30",
        "pretaxIncome": 118.5,
        "provisionforIncomeTaxes": 29.2,
        "researchDevelopment": 24.6,
        "revenue": 438,
        "sgaExpense": 49.4,
        "totalOperatingExpense": 74
      },
      {
        "costOfGoodsSold": 240,
        "dilutedAverageSharesOutstanding": 77.2,
        "dilutedEPS": 0.79,
        "ebit": 79.4,
        "grossIncome": 153.5,
        "interestExpense": 0.406,
        "interestIncomeExpense": -0.2,
        "netIncome": 61,
        "netIncomeAfterTaxes": 61,
        "nonRecurringItems": 0,
        "period": "2019-06-30",
        "pretaxIncome": 79.2,
        "provisionforIncomeTaxes": 18.2,
        "researchDevelopment": 24.9,
        "revenue": 393.5,
        "sgaExpense": 49.1,
        "totalOperatingExpense": 74.1
      },
      {
        "costOfGoodsSold": 235.6,
        "dilutedAverageSharesOutstanding": 77.3,
        "dilutedEPS": 0.77,
        "ebit": 76.4,
        "grossIncome": 144.8,
        "interestExpense": 0.224,
        "interestIncomeExpense": -0.1,
        "netIncome": 59.3,
        "netIncomeAfterTaxes": 59.3,
        "nonRecurringItems": 0,
        "period": "2019-03-31",
        "pretaxIncome": 76.4,
        "provisionforIncomeTaxes": 17.1,
        "researchDevelopment": 23.4,
        "revenue": 380.4,
        "sgaExpense": 44.9,
        "totalOperatingExpense": 68.3
      },
      {
        "costOfGoodsSold": 227.3,
        "dilutedAverageSharesOutstanding": 77.4,
        "dilutedEPS": 0.88,
        "ebit": 88.2,
        "grossIncome": 159,
        "interestExpense": 0.148,
        "interestIncomeExpense": 0.1,
        "netIncome": 68.1,
        "netIncomeAfterTaxes": 68.1,
        "nonRecurringItems": 0,
        "period": "2018-12-31",
        "pretaxIncome": 88.3,
        "provisionforIncomeTaxes": 20.2,
        "researchDevelopment": 24,
        "revenue": 386.3,
        "sgaExpense": 46.8,
        "totalOperatingExpense": 70.8
      },
      {
        "costOfGoodsSold": 220.1,
        "dilutedAverageSharesOutstanding": 77.5,
        "dilutedEPS": 1.08,
        "ebit": 103.2,
        "grossIncome": 172.4,
        "interestExpense": 0.147,
        "interestIncomeExpense": 0.1,
        "netIncome": 83.6,
        "netIncomeAfterTaxes": 83.6,
        "nonRecurringItems": 0,
        "period": "2018-09-30",
        "pretaxIncome": 103.4,
        "provisionforIncomeTaxes": 19.8,
        "researchDevelopment": 24,
        "revenue": 392.5,
        "sgaExpense": 45.2,
        "totalOperatingExpense": 69.2
      },
      {
        "costOfGoodsSold": 223.6,
        "dilutedAverageSharesOutstanding": 77.6,
        "dilutedEPS": 0.87,
        "ebit": 85.2,
        "grossIncome": 154.7,
        "interestExpense": 0.747,
        "interestIncomeExpense": -0.6,
        "netIncome": 67.8,
        "netIncomeAfterTaxes": 61.5,
        "nonRecurringItems": -0.3,
        "period": "2018-06-30",
        "pretaxIncome": 84.4,
        "provisionforIncomeTaxes": 22.9,
        "researchDevelopment": 24.4,
        "revenue": 378.3,
        "sgaExpense": 45,
        "totalOperatingExpense": 69.4
      },
      {
        "costOfGoodsSold": 218.5,
        "dilutedAverageSharesOutstanding": 77.5,
        "dilutedEPS": 0.89,
        "ebit": 90.7,
        "grossIncome": 155.5,
        "interestExpense": 0.734,
        "interestIncomeExpense": -0.6,
        "netIncome": 69.1,
        "netIncomeAfterTaxes": 66.1,
        "nonRecurringItems": 0,
        "period": "2018-03-31",
        "pretaxIncome": 90.1,
        "provisionforIncomeTaxes": 24,
        "researchDevelopment": 22.6,
        "revenue": 374,
        "sgaExpense": 42.2,
        "totalOperatingExpense": 64.8
      },
      {
        "costOfGoodsSold": 207.1,
        "dilutedAverageSharesOutstanding": 77.6,
        "dilutedEPS": 2.07,
        "ebit": 84.6,
        "grossIncome": 150.1,
        "interestExpense": 0.25,
        "interestIncomeExpense": -0.1,
        "netIncome": 161.2,
        "netIncomeAfterTaxes": 63.7,
        "nonRecurringItems": 0.2,
        "period": "2017-12-31",
        "pretaxIncome": 84.7,
        "provisionforIncomeTaxes": 21,
        "researchDevelopment": 22.4,
        "revenue": 357.2,
        "sgaExpense": 43.1,
        "totalOperatingExpense": 65.5
      },
      {
        "costOfGoodsSold": 203.9,
        "dilutedAverageSharesOutstanding": 77.6,
        "dilutedEPS": 0.86,
        "ebit": 95.4,
        "grossIncome": 157.4,
        "interestExpense": 0.189,
        "interestIncomeExpense": 0,
        "netIncome": 66.9,
        "netIncomeAfterTaxes": 66.9,
        "nonRecurringItems": 1.7,
        "period": "2017-09-30",
        "pretaxIncome": 97,
        "provisionforIncomeTaxes": 30.1,
        "researchDevelopment": 20.9,
        "revenue": 361.3,
        "sgaExpense": 41.1,
        "totalOperatingExpense": 62
      },
      {
        "costOfGoodsSold": 206.2,
        "dilutedAverageSharesOutstanding": 78.1,
        "dilutedEPS": 0.62,
        "ebit": 69.7,
        "grossIncome": 134.7,
        "interestExpense": 0.392,
        "interestIncomeExpense": -0.4,
        "netIncome": 48.5,
        "netIncomeAfterTaxes": 48.5,
        "nonRecurringItems": 3.3,
        "otherOperatingExpensesTotal": -67.6,
        "period": "2017-06-30",
        "pretaxIncome": 72.6,
        "provisionforIncomeTaxes": 24.2,
        "researchDevelopment": 23.3,
        "revenue": 340.9,
        "sgaExpense": 109.3,
        "totalOperatingExpense": 65.1
      },
      {
        "costOfGoodsSold": 206.7,
        "dilutedAverageSharesOutstanding": 77.9,
        "dilutedEPS": 0.77,
        "ebit": 88.7,
        "grossIncome": 147,
        "interestExpense": 0.278,
        "interestIncomeExpense": -0.2,
        "netIncome": 60,
        "netIncomeAfterTaxes": 60,
        "period": "2017-03-31",
        "pretaxIncome": 88.5,
        "provisionforIncomeTaxes": 28.5,
        "researchDevelopment": 20.8,
        "revenue": 353.8,
        "sgaExpense": 37.5,
        "totalOperatingExpense": 58.3
      },
      {
        "costOfGoodsSold": 198.1,
        "dilutedAverageSharesOutstanding": 78.2,
        "dilutedEPS": 0.75,
        "ebit": 88.6,
        "grossIncome": 150.4,
        "interestExpense": 0.184,
        "interestIncomeExpense": -0.1,
        "netIncome": 58.8,
        "netIncomeAfterTaxes": 58.8,
        "period": "2016-12-31",
        "pretaxIncome": 88.5,
        "provisionforIncomeTaxes": 29.7,
        "researchDevelopment": 20.9,
        "revenue": 348.6,
        "sgaExpense": 40.9,
        "totalOperatingExpense": 61.8
      },
      {
        "costOfGoodsSold": 194.8,
        "dilutedAverageSharesOutstanding": 78.8,
        "dilutedEPS": 0.79,
        "ebit": 91.4,
        "grossIncome": 150.3,
        "interestExpense": 0.142,
        "interestIncomeExpense": 0,
        "netIncome": 62.2,
        "netIncomeAfterTaxes": 62.2,
        "period": "2016-09-30",
        "pretaxIncome": 91.4,
        "provisionforIncomeTaxes": 29.1,
        "researchDevelopment": 19.7,
        "revenue": 345,
        "sgaExpense": 39.1,
        "totalOperatingExpense": 58.8
      },
      {
        "costOfGoodsSold": 205.3,
        "dilutedAverageSharesOutstanding": 79.3,
        "dilutedEPS": 1.06,
        "ebit": 97,
        "grossIncome": 161.7,
        "interestExpense": 0.447,
        "interestIncomeExpense": -0.4,
        "netIncome": 84.3,
        "netIncomeAfterTaxes": 84.3,
        "nonRecurringItems": 19.5,
        "period": "2016-06-30",
        "pretaxIncome": 116.1,
        "provisionforIncomeTaxes": 31.8,
        "researchDevelopment": 24,
        "revenue": 367,
        "sgaExpense": 40.7,
        "totalOperatingExpense": 64.7
      },
      {
        "costOfGoodsSold": 194.3,
        "dilutedAverageSharesOutstanding": 79.2,
        "dilutedEPS": 0.68,
        "ebit": 79.8,
        "grossIncome": 138.9,
        "interestExpense": 0.486,
        "interestIncomeExpense": -0.4,
        "netIncome": 53.9,
        "netIncomeAfterTaxes": 53.9,
        "period": "2016-03-31",
        "pretaxIncome": 79.4,
        "provisionforIncomeTaxes": 25.5,
        "researchDevelopment": 19.9,
        "revenue": 333.2,
        "sgaExpense": 39.2,
        "totalOperatingExpense": 59.1
      },
      {
        "costOfGoodsSold": 190.4,
        "dilutedAverageSharesOutstanding": 79.8,
        "dilutedEPS": 0.74,
        "ebit": 84.8,
        "grossIncome": 142.4,
        "interestExpense": 0.276,
        "interestIncomeExpense": -0.2,
        "netIncome": 59.3,
        "netIncomeAfterTaxes": 59.3,
        "period": "2015-12-31",
        "pretaxIncome": 84.6,
        "provisionforIncomeTaxes": 25.3,
        "researchDevelopment": 18.9,
        "revenue": 332.9,
        "sgaExpense": 38.8,
        "totalOperatingExpense": 57.7
      },
      {
        "costOfGoodsSold": 183.7,
        "dilutedAverageSharesOutstanding": 80.7,
        "dilutedEPS": 0.64,
        "ebit": 80.5,
        "grossIncome": 138,
        "interestExpense": 0.22,
        "interestIncomeExpense": -0.1,
        "netIncome": 51.4,
        "netIncomeAfterTaxes": 51.4,
        "period": "2015-09-30",
        "pretaxIncome": 80.4,
        "provisionforIncomeTaxes": 29.1,
        "researchDevelopment": 18.6,
        "revenue": 321.6,
        "sgaExpense": 38.9,
        "totalOperatingExpense": 57.4
      }
    ],
    "symbol": "JKHY"
  }
}