{
  "symbol": "KMB",
  "statement": "ic",
  "frequency": "quarterly",
  "timestamp": "2025-09-19T14:02:46.615476",
  "data": {
    "financials": [
      {
        "costOfGoodsSold": 2625,
        "dilutedAverageSharesOutstanding": 333.3,
        "dilutedEPS": 1.52,
        "ebit": 713,
        "equityEarningsAffiliates": 47,
        "grossIncome": 1538,
        "interestExpense": 67,
        "interestIncomeExpense": -62,
        "minorityInterest": -3,
        "netIncome": 509,
        "netIncomeAfterTaxes": 397,
        "nonRecurringItems": -122,
        "otherOperatingExpensesTotal": 1,
        "period": "2025-06-30",
        "pretaxIncome": 513,
        "provisionforIncomeTaxes": 116,
        "revenue": 4163,
        "sgaExpense": 824,
        "totalOperatingExpense": 825,
        "totalOtherIncomeExpenseNet": -16
      },
      {
        "costOfGoodsSold": 3054,
        "dilutedAverageSharesOutstanding": 333.3,
        "dilutedEPS": 1.7012,
        "ebit": 844,
        "equityEarningsAffiliates": 44,
        "grossIncome": 1786,
        "interestExpense": 64,
        "interestIncomeExpense": -57,
        "minorityInterest": -6,
        "netIncome": 567,
        "netIncomeAfterTaxes": 529,
        "nonRecurringItems": -77,
        "otherOperatingExpensesTotal": 23,
        "period": "2025-03-31",
        "pretaxIncome": 694,
        "provisionforIncomeTaxes": 165,
        "revenue": 4840,
        "sgaExpense": 919,
        "totalOperatingExpense": 942,
        "totalOtherIncomeExpenseNet": -16
      },
      {
        "costOfGoodsSold": 3185,
        "dilutedAverageSharesOutstanding": 334.3,
        "dilutedEPS": 1.3371,
        "ebit": 645,
        "equityEarningsAffiliates": 44,
        "grossIncome": 1743,
        "interestExpense": 64,
        "interestIncomeExpense": -53,
        "minorityInterest": -5,
        "netIncome": 447,
        "netIncomeAfterTaxes": 408,
        "nonRecurringItems": -97,
        "otherOperatingExpensesTotal": 9,
        "period": "2024-12-31",
        "pretaxIncome": 479,
        "provisionforIncomeTaxes": 71,
        "revenue": 4928,
        "sgaExpense": 1089,
        "totalOperatingExpense": 1098,
        "totalOtherIncomeExpenseNet": -16
      },
      {
        "costOfGoodsSold": 3137,
        "dilutedAverageSharesOutstanding": 337.2,
        "dilutedEPS": 2.6898,
        "ebit": 1375,
        "equityEarningsAffiliates": 48,
        "grossIncome": 1815,
        "interestExpense": 67,
        "interestIncomeExpense": -49,
        "minorityInterest": -8,
        "netIncome": 907,
        "netIncomeAfterTaxes": 867,
        "nonRecurringItems": -221,
        "otherOperatingExpensesTotal": -564,
        "period": "2024-09-30",
        "pretaxIncome": 1090,
        "provisionforIncomeTaxes": 223,
        "revenue": 4952,
        "sgaExpense": 1004,
        "totalOperatingExpense": 440,
        "totalOtherIncomeExpenseNet": -15
      },
      {
        "costOfGoodsSold": 3174,
        "dilutedAverageSharesOutstanding": 338,
        "dilutedEPS": 1.6095,
        "ebit": 845,
        "equityEarningsAffiliates": 63,
        "grossIncome": 1855,
        "interestExpense": 72,
        "interestIncomeExpense": -63,
        "minorityInterest": -9,
        "netIncome": 544,
        "netIncomeAfterTaxes": 490,
        "nonRecurringItems": -190,
        "otherOperatingExpensesTotal": 14,
        "period": "2024-06-30",
        "pretaxIncome": 577,
        "provisionforIncomeTaxes": 87,
        "revenue": 5029,
        "sgaExpense": 996,
        "totalOperatingExpense": 1010,
        "totalOtherIncomeExpenseNet": -15
      },
      {
        "costOfGoodsSold": 3238,
        "dilutedAverageSharesOutstanding": 338.3,
        "dilutedEPS": 1.9125,
        "ebit": 898,
        "equityEarningsAffiliates": 61,
        "grossIncome": 1911,
        "interestExpense": 67,
        "interestIncomeExpense": -57,
        "minorityInterest": -11,
        "netIncome": 647,
        "netIncomeAfterTaxes": 597,
        "nonRecurringItems": -45,
        "otherOperatingExpensesTotal": 19,
        "period": "2024-03-31",
        "pretaxIncome": 781,
        "provisionforIncomeTaxes": 184,
        "revenue": 5149,
        "sgaExpense": 994,
        "totalOperatingExpense": 1013,
        "totalOtherIncomeExpenseNet": -15
      },
      {
        "costOfGoodsSold": 3233,
        "dilutedAverageSharesOutstanding": 338.8,
        "dilutedEPS": 1.5024,
        "ebit": 670,
        "equityEarningsAffiliates": 53,
        "grossIncome": 1737,
        "interestExpense": 70,
        "interestIncomeExpense": -38,
        "minorityInterest": -3,
        "netIncome": 509,
        "netIncomeAfterTaxes": 459,
        "nonRecurringItems": 0,
        "otherOperatingExpensesTotal": 74,
        "period": "2023-12-31",
        "pretaxIncome": 614,
        "provisionforIncomeTaxes": 155,
        "revenue": 4970,
        "sgaExpense": 993,
        "totalOperatingExpense": 1067,
        "totalOtherIncomeExpenseNet": -18
      },
      {
        "costOfGoodsSold": 3294,
        "dilutedAverageSharesOutstanding": 338.9,
        "dilutedEPS": 1.73,
        "ebit": 774,
        "equityEarningsAffiliates": 50,
        "grossIncome": 1838,
        "interestExpense": 74,
        "interestIncomeExpense": -56,
        "minorityInterest": -4,
        "netIncome": 587,
        "netIncomeAfterTaxes": 541,
        "nonRecurringItems": 0,
        "otherOperatingExpensesTotal": 35,
        "period": "2023-09-30",
        "pretaxIncome": 698,
        "provisionforIncomeTaxes": 157,
        "revenue": 5132,
        "sgaExpense": 1029,
        "totalOperatingExpense": 1064,
        "totalOtherIncomeExpenseNet": -20
      },
      {
        "costOfGoodsSold": 3403,
        "dilutedAverageSharesOutstanding": 338.9,
        "dilutedEPS": 0.3,
        "ebit": 771,
        "equityEarningsAffiliates": 50,
        "grossIncome": 1731,
        "interestExpense": 76,
        "interestIncomeExpense": -67,
        "minorityInterest": 16,
        "netIncome": 102,
        "netIncomeAfterTaxes": 36,
        "nonRecurringItems": -658,
        "otherOperatingExpensesTotal": -55,
        "period": "2023-06-30",
        "pretaxIncome": 4,
        "provisionforIncomeTaxes": -32,
        "revenue": 5134,
        "sgaExpense": 1015,
        "totalOperatingExpense": 960,
        "totalOtherIncomeExpenseNet": -42
      },
      {
        "costOfGoodsSold": 3469,
        "dilutedAverageSharesOutstanding": 338.6,
        "dilutedEPS": 1.67,
        "ebit": 787,
        "equityEarningsAffiliates": 43,
        "grossIncome": 1726,
        "interestExpense": 73,
        "interestIncomeExpense": -66,
        "minorityInterest": -9,
        "netIncome": 566,
        "netIncomeAfterTaxes": 532,
        "otherOperatingExpensesTotal": 15,
        "period": "2023-03-31",
        "pretaxIncome": 705,
        "provisionforIncomeTaxes": 173,
        "revenue": 5195,
        "sgaExpense": 924,
        "totalOperatingExpense": 939,
        "totalOtherIncomeExpenseNet": -16
      },
      {
        "costOfGoodsSold": 3337,
        "dilutedAverageSharesOutstanding": 338.3,
        "dilutedEPS": 1.5,
        "ebit": 712,
        "equityEarningsAffiliates": 35,
        "grossIncome": 1627,
        "interestExpense": 76,
        "interestIncomeExpense": -69,
        "minorityInterest": -8,
        "netIncome": 507,
        "netIncomeAfterTaxes": 480,
        "otherOperatingExpensesTotal": -1,
        "period": "2022-12-31",
        "pretaxIncome": 619,
        "provisionforIncomeTaxes": 139,
        "revenue": 4964,
        "sgaExpense": 916,
        "totalOperatingExpense": 915,
        "totalOtherIncomeExpenseNet": -24
      },
      {
        "costOfGoodsSold": 3510,
        "dilutedAverageSharesOutstanding": 338.3,
        "dilutedEPS": 1.38,
        "ebit": 655,
        "equityEarningsAffiliates": 29,
        "grossIncome": 1543,
        "interestExpense": 73,
        "interestIncomeExpense": -69,
        "minorityInterest": -3,
        "netIncome": 467,
        "netIncomeAfterTaxes": 441,
        "otherOperatingExpensesTotal": 15,
        "period": "2022-09-30",
        "pretaxIncome": 568,
        "provisionforIncomeTaxes": 127,
        "revenue": 5053,
        "sgaExpense": 873,
        "totalOperatingExpense": 888,
        "totalOtherIncomeExpenseNet": -18
      },
      {
        "costOfGoodsSold": 3534,
        "dilutedAverageSharesOutstanding": 338.3,
        "dilutedEPS": 1.29,
        "ebit": 621,
        "equityEarningsAffiliates": 29,
        "grossIncome": 1529,
        "interestExpense": 68,
        "interestIncomeExpense": -67,
        "minorityInterest": -4,
        "netIncome": 437,
        "netIncomeAfterTaxes": 412,
        "otherOperatingExpensesTotal": 2,
        "period": "2022-06-30",
        "pretaxIncome": 527,
        "provisionforIncomeTaxes": 115,
        "revenue": 5063,
        "sgaExpense": 906,
        "totalOperatingExpense": 908,
        "totalOtherIncomeExpenseNet": -27
      },
      {
        "costOfGoodsSold": 3575,
        "dilutedAverageSharesOutstanding": 338.2,
        "dilutedEPS": 1.55,
        "ebit": 693,
        "equityEarningsAffiliates": 23,
        "grossIncome": 1520,
        "interestExpense": 65,
        "interestIncomeExpense": -63,
        "minorityInterest": -12,
        "netIncome": 523,
        "netIncomeAfterTaxes": 512,
        "otherOperatingExpensesTotal": -59,
        "period": "2022-03-31",
        "pretaxIncome": 626,
        "provisionforIncomeTaxes": 114,
        "revenue": 5095,
        "sgaExpense": 886,
        "totalOperatingExpense": 827,
        "totalOtherIncomeExpenseNet": -4
      },
      {
        "costOfGoodsSold": 3473,
        "dilutedAverageSharesOutstanding": 340,
        "dilutedEPS": 1.05,
        "ebit": 611,
        "equityEarningsAffiliates": 10,
        "grossIncome": 1492,
        "interestExpense": 64,
        "interestIncomeExpense": -62,
        "minorityInterest": -4,
        "netIncome": 357,
        "netIncomeAfterTaxes": 351,
        "nonRecurringItems": -104,
        "otherOperatingExpensesTotal": 3,
        "period": "2021-12-31",
        "pretaxIncome": 444,
        "provisionforIncomeTaxes": 93,
        "revenue": 4965,
        "sgaExpense": 878,
        "totalOperatingExpense": 881,
        "totalOtherIncomeExpenseNet": -1
      },
      {
        "costOfGoodsSold": 3479,
        "dilutedAverageSharesOutstanding": 337.5,
        "dilutedEPS": 1.39,
        "ebit": 745,
        "equityEarningsAffiliates": 21,
        "grossIncome": 1531,
        "interestExpense": 64,
        "interestIncomeExpense": -63,
        "minorityInterest": -10,
        "netIncome": 469,
        "netIncomeAfterTaxes": 458,
        "nonRecurringItems": -97,
        "otherOperatingExpensesTotal": 6,
        "period": "2021-09-30",
        "pretaxIncome": 584,
        "provisionforIncomeTaxes": 126,
        "revenue": 5010,
        "sgaExpense": 780,
        "totalOperatingExpense": 786,
        "totalOtherIncomeExpenseNet": -1
      },
      {
        "costOfGoodsSold": 3217,
        "dilutedAverageSharesOutstanding": 338.3,
        "dilutedEPS": 1.19,
        "ebit": 676,
        "equityEarningsAffiliates": 28,
        "grossIncome": 1505,
        "interestExpense": 65,
        "interestIncomeExpense": -63,
        "minorityInterest": -6,
        "netIncome": 404,
        "netIncomeAfterTaxes": 382,
        "nonRecurringItems": -119,
        "otherOperatingExpensesTotal": 5,
        "period": "2021-06-30",
        "pretaxIncome": 495,
        "provisionforIncomeTaxes": 113,
        "revenue": 4722,
        "sgaExpense": 824,
        "totalOperatingExpense": 829,
        "totalOtherIncomeExpenseNet": 1
      },
      {
        "costOfGoodsSold": 3129,
        "dilutedAverageSharesOutstanding": 339.4,
        "dilutedEPS": 1.72,
        "ebit": 804,
        "equityEarningsAffiliates": 39,
        "grossIncome": 1614,
        "interestExpense": 63,
        "interestIncomeExpense": -62,
        "minorityInterest": -10,
        "netIncome": 584,
        "netIncomeAfterTaxes": 555,
        "nonRecurringItems": -34,
        "otherOperatingExpensesTotal": 4,
        "period": "2021-03-31",
        "pretaxIncome": 702,
        "provisionforIncomeTaxes": 147,
        "revenue": 4743,
        "sgaExpense": 806,
        "totalOperatingExpense": 810,
        "totalOtherIncomeExpenseNet": -6
      },
      {
        "costOfGoodsSold": 3126,
        "dilutedAverageSharesOutstanding": 343.1,
        "dilutedEPS": 1.57,
        "ebit": 930,
        "equityEarningsAffiliates": 38,
        "grossIncome": 1710,
        "interestExpense": 64,
        "interestIncomeExpense": -62,
        "minorityInterest": -7,
        "netIncome": 539,
        "netIncomeAfterTaxes": 508,
        "nonRecurringItems": -243,
        "otherOperatingExpensesTotal": -73,
        "period": "2020-12-31",
        "pretaxIncome": 674,
        "provisionforIncomeTaxes": 166,
        "revenue": 4836,
        "sgaExpense": 853,
        "totalOperatingExpense": 780,
        "totalOtherIncomeExpenseNet": 49
      },
      {
        "costOfGoodsSold": 2986,
        "dilutedAverageSharesOutstanding": 342.3,
        "dilutedEPS": 1.38,
        "ebit": 797,
        "equityEarningsAffiliates": 31,
        "grossIncome": 1697,
        "interestExpense": 62,
        "interestIncomeExpense": -60,
        "minorityInterest": -11,
        "netIncome": 472,
        "netIncomeAfterTaxes": 452,
        "nonRecurringItems": -105,
        "otherOperatingExpensesTotal": 6,
        "period": "2020-09-30",
        "pretaxIncome": 566,
        "provisionforIncomeTaxes": 114,
        "revenue": 4683,
        "sgaExpense": 894,
        "totalOperatingExpense": 900,
        "totalOtherIncomeExpenseNet": -66
      },
      {
        "costOfGoodsSold": 2775,
        "dilutedAverageSharesOutstanding": 341.9,
        "dilutedEPS": 1.99,
        "ebit": 1012,
        "equityEarningsAffiliates": 35,
        "grossIncome": 1837,
        "interestExpense": 65,
        "interestIncomeExpense": -63,
        "minorityInterest": -11,
        "netIncome": 681,
        "netIncomeAfterTaxes": 657,
        "nonRecurringItems": -87,
        "otherOperatingExpensesTotal": 8,
        "period": "2020-06-30",
        "pretaxIncome": 856,
        "provisionforIncomeTaxes": 199,
        "revenue": 4612,
        "sgaExpense": 817,
        "totalOperatingExpense": 825,
        "totalOtherIncomeExpenseNet": -6
      },
      {
        "costOfGoodsSold": 3148,
        "dilutedAverageSharesOutstanding": 344.1,
        "dilutedEPS": 1.92,
        "ebit": 1001,
        "equityEarningsAffiliates": 38,
        "grossIncome": 1861,
        "interestExpense": 61,
        "interestIncomeExpense": -63,
        "minorityInterest": -15,
        "netIncome": 660,
        "netIncomeAfterTaxes": 637,
        "nonRecurringItems": -93,
        "otherOperatingExpensesTotal": 10,
        "period": "2020-03-31",
        "pretaxIncome": 834,
        "provisionforIncomeTaxes": 197,
        "revenue": 5009,
        "sgaExpense": 850,
        "totalOperatingExpense": 860,
        "totalOtherIncomeExpenseNet": -11
      },
      {
        "costOfGoodsSold": 2932,
        "dilutedAverageSharesOutstanding": 344.4,
        "dilutedEPS": 1.59,
        "ebit": 857,
        "equityEarningsAffiliates": 32,
        "grossIncome": 1651,
        "interestExpense": 63,
        "interestIncomeExpense": -60,
        "minorityInterest": -9,
        "netIncome": 547,
        "netIncomeAfterTaxes": 524,
        "nonRecurringItems": -151,
        "otherOperatingExpensesTotal": -32,
        "period": "2019-12-31",
        "pretaxIncome": 633,
        "provisionforIncomeTaxes": 109,
        "revenue": 4583,
        "sgaExpense": 826,
        "totalOperatingExpense": 794,
        "totalOtherIncomeExpenseNet": -13
      },
      {
        "costOfGoodsSold": 2981,
        "dilutedAverageSharesOutstanding": 345.9,
        "dilutedEPS": 1.94,
        "ebit": 859,
        "equityEarningsAffiliates": 31,
        "grossIncome": 1659,
        "interestExpense": 66,
        "interestIncomeExpense": -63,
        "minorityInterest": -9,
        "netIncome": 671,
        "netIncomeAfterTaxes": 649,
        "nonRecurringItems": 56,
        "otherOperatingExpensesTotal": 6,
        "period": "2019-09-30",
        "pretaxIncome": 841,
        "provisionforIncomeTaxes": 192,
        "revenue": 4640,
        "sgaExpense": 794,
        "totalOperatingExpense": 800,
        "totalOtherIncomeExpenseNet": -11
      },
      {
        "costOfGoodsSold": 3006,
        "dilutedAverageSharesOutstanding": 346,
        "dilutedEPS": 1.4,
        "ebit": 789,
        "equityEarningsAffiliates": 33,
        "grossIncome": 1588,
        "interestExpense": 67,
        "interestIncomeExpense": -65,
        "minorityInterest": -10,
        "netIncome": 485,
        "netIncomeAfterTaxes": 462,
        "nonRecurringItems": -119,
        "otherOperatingExpensesTotal": 5,
        "period": "2019-06-30",
        "pretaxIncome": 594,
        "provisionforIncomeTaxes": 132,
        "revenue": 4594,
        "sgaExpense": 794,
        "totalOperatingExpense": 799,
        "totalOtherIncomeExpenseNet": -11
      },
      {
        "costOfGoodsSold": 3080,
        "dilutedAverageSharesOutstanding": 346,
        "dilutedEPS": 1.31,
        "ebit": 807,
        "equityEarningsAffiliates": 27,
        "grossIncome": 1553,
        "interestExpense": 65,
        "interestIncomeExpense": -62,
        "minorityInterest": -12,
        "netIncome": 454,
        "netIncomeAfterTaxes": 439,
        "nonRecurringItems": -152,
        "otherOperatingExpensesTotal": 5,
        "period": "2019-03-31",
        "pretaxIncome": 582,
        "provisionforIncomeTaxes": 143,
        "revenue": 4633,
        "sgaExpense": 741,
        "totalOperatingExpense": 746,
        "totalOtherIncomeExpenseNet": -11
      },
      {
        "costOfGoodsSold": 3091,
        "dilutedAverageSharesOutstanding": 347.2,
        "dilutedEPS": 1.18,
        "ebit": 742,
        "equityEarningsAffiliates": 23,
        "grossIncome": 1478,
        "interestExpense": 65,
        "interestIncomeExpense": -62,
        "minorityInterest": -10,
        "netIncome": 411,
        "netIncomeAfterTaxes": 407,
        "nonRecurringItems": -180,
        "otherOperatingExpensesTotal": 7,
        "period": "2018-12-31",
        "pretaxIncome": 489,
        "provisionforIncomeTaxes": 82,
        "revenue": 4569,
        "sgaExpense": 729,
        "totalOperatingExpense": 736,
        "totalOtherIncomeExpenseNet": -11
      },
      {
        "costOfGoodsSold": 3063,
        "dilutedAverageSharesOutstanding": 348.8,
        "dilutedEPS": 1.29,
        "ebit": 798,
        "equityEarningsAffiliates": 23,
        "grossIncome": 1519,
        "interestExpense": 64,
        "interestIncomeExpense": -62,
        "minorityInterest": -11,
        "netIncome": 451,
        "netIncomeAfterTaxes": 465,
        "nonRecurringItems": -149,
        "otherOperatingExpensesTotal": -2,
        "period": "2018-09-30",
        "pretaxIncome": 577,
        "provisionforIncomeTaxes": 112,
        "revenue": 4582,
        "sgaExpense": 723,
        "totalOperatingExpense": 721,
        "totalOtherIncomeExpenseNet": -10
      },
      {
        "costOfGoodsSold": 3064,
        "dilutedAverageSharesOutstanding": 350.3,
        "dilutedEPS": 1.3,
        "ebit": 774,
        "equityEarningsAffiliates": 30,
        "grossIncome": 1540,
        "interestExpense": 68,
        "interestIncomeExpense": -65,
        "minorityInterest": -10,
        "netIncome": 455,
        "netIncomeAfterTaxes": 435,
        "nonRecurringItems": -130,
        "otherOperatingExpensesTotal": 10,
        "period": "2018-06-30",
        "pretaxIncome": 573,
        "provisionforIncomeTaxes": 138,
        "revenue": 4604,
        "sgaExpense": 756,
        "totalOperatingExpense": 766,
        "totalOtherIncomeExpenseNet": -6
      },
      {
        "costOfGoodsSold": 3130,
        "dilutedAverageSharesOutstanding": 352.6,
        "dilutedEPS": 0.26,
        "ebit": 824,
        "equityEarningsAffiliates": 27,
        "grossIncome": 1601,
        "interestExpense": 66,
        "interestIncomeExpense": -64,
        "minorityInterest": -4,
        "netIncome": 93,
        "netIncomeAfterTaxes": 152,
        "nonRecurringItems": -577,
        "otherOperatingExpensesTotal": -2,
        "period": "2018-03-31",
        "pretaxIncome": 174,
        "provisionforIncomeTaxes": 22,
        "revenue": 4731,
        "sgaExpense": 779,
        "totalOperatingExpense": 777,
        "totalOtherIncomeExpenseNet": -9
      },
      {
        "costOfGoodsSold": 2995,
        "dilutedAverageSharesOutstanding": 353.5,
        "dilutedEPS": 1.74,
        "ebit": 828,
        "equityEarningsAffiliates": 25,
        "grossIncome": 1608,
        "interestExpense": 72,
        "interestIncomeExpense": -69,
        "minorityInterest": -8,
        "netIncome": 617,
        "netIncomeAfterTaxes": 524,
        "otherOperatingExpensesTotal": 27,
        "period": "2017-12-31",
        "pretaxIncome": 743,
        "provisionforIncomeTaxes": 219,
        "revenue": 4603,
        "sgaExpense": 753,
        "totalOperatingExpense": 780,
        "totalOtherIncomeExpenseNet": -16
      },
      {
        "costOfGoodsSold": 2998,
        "dilutedAverageSharesOutstanding": 354.8,
        "dilutedEPS": 1.6,
        "ebit": 868,
        "equityEarningsAffiliates": 24,
        "grossIncome": 1667,
        "interestExpense": 78,
        "interestIncomeExpense": -75,
        "minorityInterest": -12,
        "netIncome": 567,
        "netIncomeAfterTaxes": 555,
        "otherOperatingExpensesTotal": -8,
        "period": "2017-09-30",
        "pretaxIncome": 779,
        "provisionforIncomeTaxes": 224,
        "revenue": 4665,
        "sgaExpense": 807,
        "totalOperatingExpense": 799,
        "totalOtherIncomeExpenseNet": -14
      },
      {
        "costOfGoodsSold": 2924,
        "dilutedAverageSharesOutstanding": 356.7,
        "dilutedEPS": 1.49,
        "ebit": 814,
        "equityEarningsAffiliates": 26,
        "grossIncome": 1652,
        "interestExpense": 85,
        "interestIncomeExpense": -83,
        "minorityInterest": -9,
        "netIncome": 531,
        "netIncomeAfterTaxes": 514,
        "otherOperatingExpensesTotal": 3,
        "period": "2017-06-30",
        "pretaxIncome": 716,
        "provisionforIncomeTaxes": 202,
        "revenue": 4576,
        "sgaExpense": 835,
        "totalOperatingExpense": 838,
        "totalOtherIncomeExpenseNet": -15
      },
      {
        "costOfGoodsSold": 2844,
        "dilutedAverageSharesOutstanding": 358.6,
        "dilutedEPS": 1.57,
        "ebit": 848,
        "equityEarningsAffiliates": 29,
        "grossIncome": 1660,
        "interestExpense": 83,
        "interestIncomeExpense": -81,
        "minorityInterest": -12,
        "netIncome": 563,
        "netIncomeAfterTaxes": 546,
        "otherOperatingExpensesTotal": 5,
        "period": "2017-03-31",
        "pretaxIncome": 753,
        "provisionforIncomeTaxes": 207,
        "revenue": 4504,
        "sgaExpense": 807,
        "totalOperatingExpense": 812,
        "totalOtherIncomeExpenseNet": -14
      },
      {
        "costOfGoodsSold": 2911,
        "dilutedAverageSharesOutstanding": 359.6,
        "dilutedEPS": 1.4,
        "ebit": 905,
        "equityEarningsAffiliates": 29,
        "grossIncome": 1718,
        "interestExpense": 81,
        "interestIncomeExpense": -79,
        "minorityInterest": -13,
        "netIncome": 505,
        "netIncomeAfterTaxes": 489,
        "otherOperatingExpensesTotal": 18,
        "period": "2016-12-31",
        "pretaxIncome": 760,
        "provisionforIncomeTaxes": 271,
        "revenue": 4629,
        "sgaExpense": 795,
        "totalOperatingExpense": 813,
        "totalOtherIncomeExpenseNet": -66
      },
      {
        "costOfGoodsSold": 2924,
        "dilutedAverageSharesOutstanding": 361.5,
        "dilutedEPS": 1.52,
        "ebit": 836,
        "equityEarningsAffiliates": 33,
        "grossIncome": 1670,
        "interestExpense": 81,
        "interestIncomeExpense": -79,
        "minorityInterest": -13,
        "netIncome": 550,
        "netIncomeAfterTaxes": 530,
        "otherOperatingExpensesTotal": 1,
        "period": "2016-09-30",
        "pretaxIncome": 757,
        "provisionforIncomeTaxes": 227,
        "revenue": 4594,
        "sgaExpense": 833,
        "totalOperatingExpense": 834
      },
      {
        "costOfGoodsSold": 2924,
        "dilutedAverageSharesOutstanding": 362.4,
        "dilutedEPS": 1.56,
        "ebit": 838,
        "equityEarningsAffiliates": 35,
        "grossIncome": 1664,
        "interestExpense": 81,
        "interestIncomeExpense": -78,
        "minorityInterest": -12,
        "netIncome": 566,
        "netIncomeAfterTaxes": 543,
        "otherOperatingExpensesTotal": -21,
        "period": "2016-06-30",
        "pretaxIncome": 760,
        "provisionforIncomeTaxes": 217,
        "revenue": 4588,
        "sgaExpense": 847,
        "totalOperatingExpense": 826
      },
      {
        "costOfGoodsSold": 2837,
        "dilutedAverageSharesOutstanding": 363.4,
        "dilutedEPS": 1.5,
        "ebit": 804,
        "equityEarningsAffiliates": 35,
        "grossIncome": 1639,
        "interestExpense": 76,
        "interestIncomeExpense": -72,
        "minorityInterest": -15,
        "netIncome": 545,
        "netIncomeAfterTaxes": 525,
        "otherOperatingExpensesTotal": 10,
        "period": "2016-03-31",
        "pretaxIncome": 732,
        "provisionforIncomeTaxes": 207,
        "revenue": 4476,
        "sgaExpense": 825,
        "totalOperatingExpense": 835
      },
      {
        "costOfGoodsSold": 2913,
        "dilutedAverageSharesOutstanding": 364.5,
        "dilutedEPS": 0.91,
        "ebit": 630,
        "equityEarningsAffiliates": 37,
        "grossIncome": 1626,
        "interestExpense": 76,
        "interestIncomeExpense": -71,
        "minorityInterest": -11,
        "netIncome": 333,
        "netIncomeAfterTaxes": 307,
        "otherOperatingExpensesTotal": 139,
        "period": "2015-12-31",
        "pretaxIncome": 559,
        "provisionforIncomeTaxes": 252,
        "revenue": 4539,
        "sgaExpense": 857,
        "totalOperatingExpense": 996
      },
      {
        "costOfGoodsSold": 3036,
        "dilutedAverageSharesOutstanding": 366.2,
        "dilutedEPS": 1.41,
        "ebit": 779,
        "equityEarningsAffiliates": 37,
        "grossIncome": 1682,
        "interestExpense": 74,
        "interestIncomeExpense": -70,
        "minorityInterest": -12,
        "netIncome": 517,
        "netIncomeAfterTaxes": 492,
        "otherOperatingExpensesTotal": 35,
        "period": "2015-09-30",
        "pretaxIncome": 709,
        "provisionforIncomeTaxes": 217,
        "revenue": 4718,
        "sgaExpense": 868,
        "totalOperatingExpense": 903
      }
    ],
    "symbol": "KMB"
  }
}