{
  "symbol": "TRGP",
  "statement": "ic",
  "frequency": "quarterly",
  "timestamp": "2025-09-19T14:07:16.810578",
  "data": {
    "financials": [
      {
        "costOfGoodsSold": 2436,
        "depreciationAmortization": 373.7,
        "dilutedAverageSharesOutstanding": 217.3,
        "dilutedEPS": 2.8767,
        "ebit": 1033.6,
        "grossIncome": 1824.1,
        "interestExpense": 214.3,
        "interestIncomeExpense": -213.3,
        "minorityInterest": -8.1,
        "netIncome": 625.1,
        "netIncomeAfterTaxes": 637.2,
        "otherOperatingExpensesTotal": 321.8,
        "period": "2025-06-30",
        "pretaxIncome": 821.3,
        "provisionforIncomeTaxes": 184.1,
        "revenue": 4260.1,
        "sgaExpense": 95,
        "totalOperatingExpense": 790.5,
        "totalOtherIncomeExpenseNet": 1
      },
      {
        "costOfGoodsSold": 3257.8,
        "depreciationAmortization": 367.6,
        "dilutedAverageSharesOutstanding": 218.7,
        "dilutedEPS": 0.909,
        "ebit": 543.3,
        "grossIncome": 1303.7,
        "interestExpense": 193.2,
        "interestIncomeExpense": -191.6,
        "minorityInterest": -9.3,
        "netIncome": 198.8,
        "netIncomeAfterTaxes": 279.8,
        "otherOperatingExpensesTotal": 298.3,
        "period": "2025-03-31",
        "pretaxIncome": 352,
        "provisionforIncomeTaxes": 72.2,
        "revenue": 4561.5,
        "sgaExpense": 94.5,
        "totalOperatingExpense": 760.4,
        "totalOtherIncomeExpenseNet": 0.3
      },
      {
        "costOfGoodsSold": 2922.6,
        "depreciationAmortization": 378.5,
        "dilutedAverageSharesOutstanding": 219.2,
        "dilutedEPS": 1.4412,
        "ebit": 700.5,
        "grossIncome": 1482.7,
        "interestExpense": 173.9,
        "interestIncomeExpense": -176.2,
        "minorityInterest": -63,
        "netIncome": 315.9,
        "netIncomeAfterTaxes": 414,
        "nonRecurringItems": 0,
        "otherOperatingExpensesTotal": 306.2,
        "period": "2024-12-31",
        "pretaxIncome": 524.4,
        "provisionforIncomeTaxes": 110.4,
        "revenue": 4405.3,
        "sgaExpense": 97.5,
        "totalOperatingExpense": 782.2,
        "totalOtherIncomeExpenseNet": 0.1
      },
      {
        "costOfGoodsSold": 2365,
        "depreciationAmortization": 355.4,
        "dilutedAverageSharesOutstanding": 220,
        "dilutedEPS": 1.7477,
        "ebit": 728.2,
        "grossIncome": 1486.8,
        "interestExpense": 181.2,
        "interestIncomeExpense": -182.7,
        "minorityInterest": -60.7,
        "netIncome": 384.5,
        "netIncomeAfterTaxes": 448.1,
        "nonRecurringItems": 0,
        "otherOperatingExpensesTotal": 300.6,
        "period": "2024-09-30",
        "pretaxIncome": 545.1,
        "provisionforIncomeTaxes": 97,
        "revenue": 3851.8,
        "sgaExpense": 102.6,
        "totalOperatingExpense": 758.6,
        "totalOtherIncomeExpenseNet": -0.4
      },
      {
        "costOfGoodsSold": 2197.4,
        "depreciationAmortization": 348.6,
        "dilutedAverageSharesOutstanding": 221.9,
        "dilutedEPS": 1.3348,
        "ebit": 627.2,
        "grossIncome": 1364.6,
        "interestExpense": 172.4,
        "interestIncomeExpense": -173.1,
        "minorityInterest": -60.4,
        "netIncome": 296.2,
        "netIncomeAfterTaxes": 358.9,
        "nonRecurringItems": -0.8,
        "otherOperatingExpensesTotal": 290.5,
        "period": "2024-06-30",
        "pretaxIncome": 453.2,
        "provisionforIncomeTaxes": 94.3,
        "revenue": 3562,
        "sgaExpense": 98.3,
        "totalOperatingExpense": 737.4,
        "totalOtherIncomeExpenseNet": -0.1
      },
      {
        "costOfGoodsSold": 3218,
        "depreciationAmortization": 340.5,
        "dilutedAverageSharesOutstanding": 223.7,
        "dilutedEPS": 1.2204,
        "ebit": 639.4,
        "grossIncome": 1344.4,
        "interestExpense": 224.9,
        "interestIncomeExpense": -225.8,
        "minorityInterest": -57.4,
        "netIncome": 273,
        "netIncomeAfterTaxes": 332.6,
        "otherOperatingExpensesTotal": 278,
        "period": "2024-03-31",
        "pretaxIncome": 415.3,
        "provisionforIncomeTaxes": 82.7,
        "revenue": 4562.4,
        "sgaExpense": 86.5,
        "totalOperatingExpense": 705,
        "totalOtherIncomeExpenseNet": 1.7
      },
      {
        "costOfGoodsSold": 2898.5,
        "depreciationAmortization": 341.4,
        "dilutedAverageSharesOutstanding": 224.5,
        "dilutedEPS": 1.237,
        "ebit": 635.3,
        "grossIncome": 1341,
        "interestExpense": 174.9,
        "interestIncomeExpense": -175.2,
        "minorityInterest": -58,
        "netIncome": 277.7,
        "netIncomeAfterTaxes": 357.6,
        "nonRecurringItems": -2.1,
        "otherOperatingExpensesTotal": 269,
        "period": "2023-12-31",
        "pretaxIncome": 460.1,
        "provisionforIncomeTaxes": 102.5,
        "revenue": 4239.5,
        "sgaExpense": 95.3,
        "totalOperatingExpense": 705.7,
        "totalOtherIncomeExpenseNet": 2.1
      },
      {
        "costOfGoodsSold": 2690,
        "depreciationAmortization": 331.3,
        "dilutedAverageSharesOutstanding": 225.1,
        "dilutedEPS": 0.98,
        "ebit": 505.1,
        "grossIncome": 1206.6,
        "interestExpense": 172.1,
        "interestIncomeExpense": -172.1,
        "minorityInterest": -59,
        "netIncome": 220,
        "netIncomeAfterTaxes": 279,
        "nonRecurringItems": 0,
        "otherOperatingExpensesTotal": 280.2,
        "period": "2023-09-30",
        "pretaxIncome": 332.9,
        "provisionforIncomeTaxes": 53.9,
        "revenue": 3896.6,
        "sgaExpense": 90,
        "totalOperatingExpense": 701.5,
        "totalOtherIncomeExpenseNet": -0.1
      },
      {
        "costOfGoodsSold": 2068.9,
        "depreciationAmortization": 332.1,
        "dilutedAverageSharesOutstanding": 226.8,
        "dilutedEPS": 1.45,
        "ebit": 649.1,
        "grossIncome": 1334.8,
        "interestExpense": 163.6,
        "interestIncomeExpense": -163.2,
        "minorityInterest": -58.2,
        "netIncome": 329.3,
        "netIncomeAfterTaxes": 387.5,
        "otherOperatingExpensesTotal": 272.6,
        "period": "2023-06-30",
        "pretaxIncome": 483.9,
        "provisionforIncomeTaxes": 96.4,
        "revenue": 3403.7,
        "sgaExpense": 81,
        "totalOperatingExpense": 685.7,
        "totalOtherIncomeExpenseNet": -2
      },
      {
        "costOfGoodsSold": 3019,
        "depreciationAmortization": 324.8,
        "dilutedAverageSharesOutstanding": 229.3,
        "dilutedEPS": 0.03,
        "ebit": 836.7,
        "grossIncome": 1501.5,
        "interestExpense": 165.1,
        "interestIncomeExpense": -168.2,
        "minorityInterest": -58.2,
        "netIncome": 6.3,
        "netIncomeAfterTaxes": 555.2,
        "otherOperatingExpensesTotal": 257.6,
        "period": "2023-03-31",
        "pretaxIncome": 665.5,
        "provisionforIncomeTaxes": 110.3,
        "revenue": 4520.5,
        "sgaExpense": 82.4,
        "totalOperatingExpense": 664.8,
        "totalOtherIncomeExpenseNet": -3
      },
      {
        "costOfGoodsSold": 3324.3,
        "depreciationAmortization": 329.8,
        "dilutedAverageSharesOutstanding": 229.9,
        "dilutedEPS": 1.38,
        "ebit": 551.4,
        "grossIncome": 1230.5,
        "interestExpense": 142.4,
        "interestIncomeExpense": -145.2,
        "minorityInterest": -77.9,
        "netIncome": 317.9,
        "netIncomeAfterTaxes": 395.9,
        "nonRecurringItems": 0,
        "otherOperatingExpensesTotal": 256.8,
        "period": "2022-12-31",
        "pretaxIncome": 405.7,
        "provisionforIncomeTaxes": 9.8,
        "revenue": 4554.8,
        "sgaExpense": 92.5,
        "totalOperatingExpense": 679.1,
        "totalOtherIncomeExpenseNet": -0.5
      },
      {
        "costOfGoodsSold": 4306.3,
        "depreciationAmortization": 287.2,
        "dilutedAverageSharesOutstanding": 230.3,
        "dilutedEPS": 0.84,
        "ebit": 430,
        "grossIncome": 1053.8,
        "interestExpense": 123,
        "interestIncomeExpense": -124.1,
        "minorityInterest": -86.2,
        "netIncome": 193.1,
        "netIncomeAfterTaxes": 279.3,
        "nonRecurringItems": 0,
        "otherOperatingExpensesTotal": 257.5,
        "period": "2022-09-30",
        "pretaxIncome": 291.3,
        "provisionforIncomeTaxes": 12,
        "revenue": 5360.1,
        "sgaExpense": 79.1,
        "totalOperatingExpense": 623.8,
        "totalOtherIncomeExpenseNet": -14.6
      },
      {
        "costOfGoodsSold": 5047.3,
        "depreciationAmortization": 269.9,
        "dilutedAverageSharesOutstanding": 231.7,
        "dilutedEPS": 1.61,
        "ebit": 451.9,
        "grossIncome": 1008.5,
        "interestExpense": 90.7,
        "interestIncomeExpense": -79.8,
        "minorityInterest": -91.2,
        "netIncome": 372.7,
        "netIncomeAfterTaxes": 687.6,
        "nonRecurringItems": 402.1,
        "otherOperatingExpensesTotal": 215.7,
        "period": "2022-06-30",
        "pretaxIncome": 774.7,
        "provisionforIncomeTaxes": 87.1,
        "revenue": 6055.8,
        "sgaExpense": 71,
        "totalOperatingExpense": 556.6,
        "totalOtherIncomeExpenseNet": 0.5
      },
      {
        "costOfGoodsSold": 4204.1,
        "depreciationAmortization": 209.1,
        "dilutedAverageSharesOutstanding": 232.4,
        "dilutedEPS": 0.06,
        "ebit": 295.8,
        "grossIncome": 755,
        "interestExpense": 91.7,
        "interestIncomeExpense": -88,
        "minorityInterest": -80.6,
        "netIncome": 13.1,
        "netIncomeAfterTaxes": 168.6,
        "nonRecurringItems": -15.8,
        "otherOperatingExpensesTotal": 183,
        "period": "2022-03-31",
        "pretaxIncome": 191.5,
        "provisionforIncomeTaxes": 22.9,
        "revenue": 4959.1,
        "sgaExpense": 67.1,
        "totalOperatingExpense": 459.2,
        "totalOtherIncomeExpenseNet": -0.5
      },
      {
        "costOfGoodsSold": 4569.7,
        "depreciationAmortization": 219.7,
        "dilutedAverageSharesOutstanding": 228.6,
        "dilutedEPS": -1.47,
        "ebit": 360.7,
        "grossIncome": 871.9,
        "interestExpense": 90.4,
        "interestIncomeExpense": -166.5,
        "minorityInterest": -64.4,
        "netIncome": -335.4,
        "netIncomeAfterTaxes": -249.2,
        "nonRecurringItems": -452.3,
        "otherOperatingExpensesTotal": 210.7,
        "period": "2021-12-31",
        "pretaxIncome": -257.9,
        "provisionforIncomeTaxes": -8.7,
        "revenue": 5441.6,
        "sgaExpense": 80.8,
        "totalOperatingExpense": 511.2,
        "totalOtherIncomeExpenseNet": 0.2
      },
      {
        "costOfGoodsSold": 3614.7,
        "depreciationAmortization": 222.8,
        "dilutedAverageSharesOutstanding": 276.4,
        "dilutedEPS": 0.58,
        "ebit": 366.5,
        "grossIncome": 845,
        "interestExpense": 91.6,
        "interestIncomeExpense": -76.7,
        "minorityInterest": -105.8,
        "netIncome": 160.4,
        "netIncomeAfterTaxes": 288,
        "nonRecurringItems": 0,
        "otherOperatingExpensesTotal": 188.4,
        "period": "2021-09-30",
        "pretaxIncome": 290,
        "provisionforIncomeTaxes": 2,
        "revenue": 4459.7,
        "sgaExpense": 67.3,
        "totalOperatingExpense": 478.5,
        "totalOtherIncomeExpenseNet": 0.2
      },
      {
        "costOfGoodsSold": 2709,
        "depreciationAmortization": 211.9,
        "dilutedAverageSharesOutstanding": 231.3,
        "dilutedEPS": 0.15,
        "ebit": 245.8,
        "grossIncome": 706.9,
        "interestExpense": 95.5,
        "interestIncomeExpense": -82,
        "minorityInterest": -99.2,
        "netIncome": 34.4,
        "netIncomeAfterTaxes": 155.4,
        "nonRecurringItems": -1.9,
        "otherOperatingExpensesTotal": 185.5,
        "period": "2021-06-30",
        "pretaxIncome": 162,
        "provisionforIncomeTaxes": 6.6,
        "revenue": 3415.9,
        "sgaExpense": 63.7,
        "totalOperatingExpense": 461.1,
        "totalOtherIncomeExpenseNet": 0.1
      },
      {
        "costOfGoodsSold": 2836.3,
        "depreciationAmortization": 216.2,
        "dilutedAverageSharesOutstanding": 274.7,
        "dilutedEPS": 0.45,
        "ebit": 344.1,
        "grossIncome": 796.4,
        "interestExpense": 98.8,
        "interestIncomeExpense": -86.6,
        "minorityInterest": -81.5,
        "netIncome": 124.6,
        "netIncomeAfterTaxes": 227.9,
        "nonRecurringItems": -14.7,
        "otherOperatingExpensesTotal": 174.7,
        "period": "2021-03-31",
        "pretaxIncome": 242.9,
        "provisionforIncomeTaxes": 15,
        "revenue": 3632.7,
        "sgaExpense": 61.4,
        "totalOperatingExpense": 452.3,
        "totalOtherIncomeExpenseNet": 0.1
      },
      {
        "costOfGoodsSold": 1758.3,
        "depreciationAmortization": 217.8,
        "dilutedAverageSharesOutstanding": 229.2,
        "dilutedEPS": 0,
        "ebit": 265.2,
        "grossIncome": 814.5,
        "interestExpense": 99.4,
        "interestIncomeExpense": -80.4,
        "minorityInterest": -112.4,
        "netIncome": -0.8,
        "netIncomeAfterTaxes": 146,
        "nonRecurringItems": -1.8,
        "otherOperatingExpensesTotal": 257.5,
        "period": "2020-12-31",
        "pretaxIncome": 184.5,
        "provisionforIncomeTaxes": 38.5,
        "revenue": 2572.8,
        "sgaExpense": 74,
        "totalOperatingExpense": 549.3,
        "totalOtherIncomeExpenseNet": 1.5
      },
      {
        "costOfGoodsSold": 1303.2,
        "depreciationAmortization": 203.7,
        "dilutedAverageSharesOutstanding": 233.8,
        "dilutedEPS": 0.16,
        "ebit": 295.5,
        "grossIncome": 811.9,
        "interestExpense": 98.2,
        "interestIncomeExpense": -79.1,
        "minorityInterest": -102.9,
        "netIncome": 36.9,
        "netIncomeAfterTaxes": 172.2,
        "nonRecurringItems": -13.7,
        "otherOperatingExpensesTotal": 254.1,
        "period": "2020-09-30",
        "pretaxIncome": 204.1,
        "provisionforIncomeTaxes": 31.9,
        "revenue": 2115.1,
        "sgaExpense": 58.6,
        "totalOperatingExpense": 516.4,
        "totalOtherIncomeExpenseNet": 1.4
      },
      {
        "costOfGoodsSold": 860.6,
        "depreciationAmortization": 204.5,
        "dilutedAverageSharesOutstanding": 233.8,
        "dilutedEPS": 0.21,
        "ebit": 213.1,
        "grossIncome": 662.9,
        "interestExpense": 94.1,
        "interestIncomeExpense": -81.8,
        "minorityInterest": -96.1,
        "netIncome": 48.9,
        "netIncomeAfterTaxes": 177.1,
        "nonRecurringItems": 21.8,
        "otherOperatingExpensesTotal": 183.8,
        "period": "2020-06-30",
        "pretaxIncome": 153.9,
        "provisionforIncomeTaxes": -23.2,
        "revenue": 1523.5,
        "sgaExpense": 61.5,
        "totalOperatingExpense": 449.8,
        "totalOtherIncomeExpenseNet": 0.8
      },
      {
        "costOfGoodsSold": 1188.3,
        "depreciationAmortization": 239.1,
        "dilutedAverageSharesOutstanding": 233,
        "dilutedEPS": -7.6,
        "ebit": 365.3,
        "grossIncome": 860.6,
        "interestExpense": 97.1,
        "interestIncomeExpense": -77.4,
        "minorityInterest": 82.5,
        "netIncome": -1769.7,
        "netIncomeAfterTaxes": -1820.3,
        "nonRecurringItems": -2403.5,
        "otherOperatingExpensesTotal": 195.7,
        "period": "2020-03-31",
        "pretaxIncome": -2115.6,
        "provisionforIncomeTaxes": -295.3,
        "revenue": 2048.9,
        "sgaExpense": 60.5,
        "totalOperatingExpense": 495.3,
        "totalOtherIncomeExpenseNet": 0
      },
      {
        "costOfGoodsSold": 1702.8,
        "depreciationAmortization": 252.7,
        "dilutedAverageSharesOutstanding": 232.8,
        "dilutedEPS": -0.62,
        "ebit": 219.5,
        "grossIncome": 771.1,
        "interestExpense": 96,
        "interestIncomeExpense": -72.9,
        "minorityInterest": -97.7,
        "netIncome": -144.4,
        "netIncomeAfterTaxes": -15.1,
        "nonRecurringItems": -239.7,
        "otherOperatingExpensesTotal": 239,
        "period": "2019-12-31",
        "pretaxIncome": -93,
        "provisionforIncomeTaxes": -77.9,
        "revenue": 2473.9,
        "sgaExpense": 59.9,
        "totalOperatingExpense": 551.6,
        "totalOtherIncomeExpenseNet": 0.1
      },
      {
        "costOfGoodsSold": 1328.1,
        "depreciationAmortization": 244.3,
        "dilutedAverageSharesOutstanding": 232.7,
        "dilutedEPS": -0.34,
        "ebit": 41.6,
        "grossIncome": 574.4,
        "interestExpense": 89.1,
        "interestIncomeExpense": -79.1,
        "minorityInterest": -79.4,
        "netIncome": -78.6,
        "netIncomeAfterTaxes": 32.1,
        "nonRecurringItems": 65.8,
        "otherOperatingExpensesTotal": 215.9,
        "period": "2019-09-30",
        "pretaxIncome": 28.3,
        "provisionforIncomeTaxes": -3.8,
        "revenue": 1902.5,
        "sgaExpense": 72.6,
        "totalOperatingExpense": 532.8,
        "totalOtherIncomeExpenseNet": 0
      },
      {
        "costOfGoodsSold": 1361.6,
        "depreciationAmortization": 237.2,
        "dilutedAverageSharesOutstanding": 232.4,
        "dilutedEPS": -0.18,
        "ebit": 113.7,
        "grossIncome": 633.7,
        "interestExpense": 72.1,
        "interestIncomeExpense": -68.9,
        "minorityInterest": -59.1,
        "netIncome": -41.2,
        "netIncomeAfterTaxes": 48.9,
        "nonRecurringItems": 0,
        "otherOperatingExpensesTotal": 207.7,
        "period": "2019-06-30",
        "pretaxIncome": 45.6,
        "provisionforIncomeTaxes": -3.3,
        "revenue": 1995.3,
        "sgaExpense": 75.1,
        "totalOperatingExpense": 520,
        "totalOtherIncomeExpenseNet": 0.8
      },
      {
        "costOfGoodsSold": 1726,
        "depreciationAmortization": 237.4,
        "dilutedAverageSharesOutstanding": 232.2,
        "dilutedEPS": -0.3,
        "ebit": 61.3,
        "grossIncome": 573.4,
        "interestExpense": 80.6,
        "interestIncomeExpense": -77.8,
        "minorityInterest": -14.2,
        "netIncome": -69.7,
        "netIncomeAfterTaxes": -24.7,
        "nonRecurringItems": -1.4,
        "otherOperatingExpensesTotal": 191.3,
        "period": "2019-03-31",
        "pretaxIncome": -27.6,
        "provisionforIncomeTaxes": -2.9,
        "revenue": 2299.4,
        "sgaExpense": 83.4,
        "totalOperatingExpense": 512.1,
        "totalOtherIncomeExpenseNet": -9.7
      },
      {
        "costOfGoodsSold": 2008.5,
        "depreciationAmortization": 208.8,
        "dilutedAverageSharesOutstanding": 230.5,
        "dilutedEPS": -0.6,
        "ebit": 129.3,
        "grossIncome": 589.2,
        "interestIncomeExpense": -60.7,
        "minorityInterest": -18.4,
        "netIncome": -137.2,
        "netIncomeAfterTaxes": -88.2,
        "nonRecurringItems": -210,
        "otherOperatingExpensesTotal": 171.1,
        "period": "2018-12-31",
        "pretaxIncome": -120.4,
        "provisionforIncomeTaxes": -32.2,
        "revenue": 2597.7,
        "sgaExpense": 80,
        "totalOperatingExpense": 459.9,
        "totalOtherIncomeExpenseNet": 21
      },
      {
        "costOfGoodsSold": 2383.5,
        "depreciationAmortization": 206.3,
        "dilutedAverageSharesOutstanding": 226.5,
        "dilutedEPS": -0.24,
        "ebit": 76.7,
        "grossIncome": 602.9,
        "interestIncomeExpense": -75.2,
        "minorityInterest": -12.5,
        "netIncome": -54,
        "netIncomeAfterTaxes": -11.2,
        "nonRecurringItems": 0,
        "otherOperatingExpensesTotal": 256.7,
        "period": "2018-09-30",
        "pretaxIncome": -15.1,
        "provisionforIncomeTaxes": -3.9,
        "revenue": 2986.4,
        "sgaExpense": 63.2,
        "totalOperatingExpense": 526.2,
        "totalOtherIncomeExpenseNet": -16.6
      },
      {
        "costOfGoodsSold": 1905.3,
        "depreciationAmortization": 202.6,
        "dilutedAverageSharesOutstanding": 222.8,
        "dilutedEPS": 0.35,
        "ebit": 155.4,
        "grossIncome": 539.1,
        "interestIncomeExpense": -60.1,
        "minorityInterest": -12,
        "netIncome": 79,
        "netIncomeAfterTaxes": 121.1,
        "nonRecurringItems": -2,
        "otherOperatingExpensesTotal": 124.1,
        "period": "2018-06-30",
        "pretaxIncome": 153.9,
        "provisionforIncomeTaxes": 32.8,
        "revenue": 2444.4,
        "sgaExpense": 57,
        "totalOperatingExpense": 383.7,
        "totalOtherIncomeExpenseNet": 60.6
      },
      {
        "costOfGoodsSold": 1941,
        "depreciationAmortization": 198.1,
        "dilutedAverageSharesOutstanding": 218.7,
        "dilutedEPS": -0.03,
        "ebit": 86.3,
        "grossIncome": 514.6,
        "interestIncomeExpense": 17.6,
        "minorityInterest": -16,
        "netIncome": -7,
        "netIncomeAfterTaxes": 38.9,
        "nonRecurringItems": 0,
        "otherOperatingExpensesTotal": 173.5,
        "period": "2018-03-31",
        "pretaxIncome": 47.8,
        "provisionforIncomeTaxes": 8.9,
        "revenue": 2455.6,
        "sgaExpense": 56.7,
        "totalOperatingExpense": 428.3,
        "totalOtherIncomeExpenseNet": -56.1
      },
      {
        "costOfGoodsSold": 2168.3,
        "depreciationAmortization": 206.7,
        "dilutedAverageSharesOutstanding": 216.2,
        "dilutedEPS": 1.17,
        "ebit": 113.5,
        "grossIncome": 534.5,
        "interestIncomeExpense": -52.9,
        "minorityInterest": -15.9,
        "netIncome": 253.7,
        "netIncomeAfterTaxes": 29.7,
        "nonRecurringItems": -0.3,
        "otherOperatingExpensesTotal": 160.4,
        "period": "2017-12-31",
        "pretaxIncome": 34.4,
        "provisionforIncomeTaxes": 4.7,
        "revenue": 2702.8,
        "sgaExpense": 53.9,
        "totalOperatingExpense": 421,
        "totalOtherIncomeExpenseNet": -25.9
      },
      {
        "costOfGoodsSold": 1663.1,
        "depreciationAmortization": 208.3,
        "dilutedAverageSharesOutstanding": 215.6,
        "dilutedEPS": -0.91,
        "ebit": 54.4,
        "grossIncome": 468.7,
        "interestIncomeExpense": -55.9,
        "minorityInterest": -12.5,
        "netIncome": -197,
        "netIncomeAfterTaxes": -155.1,
        "nonRecurringItems": -378,
        "otherOperatingExpensesTotal": 156.1,
        "period": "2017-09-30",
        "pretaxIncome": -252.5,
        "provisionforIncomeTaxes": -97.4,
        "revenue": 2131.8,
        "sgaExpense": 49.9,
        "totalOperatingExpense": 414.3,
        "totalOtherIncomeExpenseNet": 127
      },
      {
        "costOfGoodsSold": 1420.6,
        "depreciationAmortization": 203.4,
        "dilutedAverageSharesOutstanding": 205,
        "dilutedEPS": 0.14,
        "ebit": 37.2,
        "grossIncome": 447.1,
        "interestIncomeExpense": -66.3,
        "minorityInterest": -13,
        "netIncome": 28.4,
        "netIncomeAfterTaxes": 70.6,
        "nonRecurringItems": -10.7,
        "otherOperatingExpensesTotal": 155.5,
        "period": "2017-06-30",
        "pretaxIncome": -35.4,
        "provisionforIncomeTaxes": -106,
        "revenue": 1867.7,
        "sgaExpense": 51,
        "totalOperatingExpense": 409.9,
        "totalOtherIncomeExpenseNet": 4.4
      },
      {
        "costOfGoodsSold": 1654.2,
        "depreciationAmortization": 191.1,
        "dilutedAverageSharesOutstanding": 191.8,
        "dilutedEPS": -0.77,
        "ebit": 50.5,
        "grossIncome": 458.4,
        "interestIncomeExpense": -75.6,
        "minorityInterest": -8.8,
        "netIncome": -148.3,
        "netIncomeAfterTaxes": -110.5,
        "nonRecurringItems": -5.8,
        "otherOperatingExpensesTotal": 168.1,
        "period": "2017-03-31",
        "pretaxIncome": -39.4,
        "provisionforIncomeTaxes": 71.1,
        "revenue": 2112.6,
        "sgaExpense": 48.7,
        "totalOperatingExpense": 407.9,
        "totalOtherIncomeExpenseNet": -8.5
      },
      {
        "costOfGoodsSold": 1544,
        "depreciationAmortization": 194.1,
        "dilutedAverageSharesOutstanding": 181.1,
        "dilutedEPS": -0.99,
        "ebit": 85.3,
        "grossIncome": 468.5,
        "interestIncomeExpense": -70.1,
        "minorityInterest": -10,
        "netIncome": -179.5,
        "netIncomeAfterTaxes": -140.7,
        "nonRecurringItems": -252.6,
        "otherOperatingExpensesTotal": 140.2,
        "period": "2016-12-31",
        "pretaxIncome": -237.4,
        "provisionforIncomeTaxes": -96.7,
        "revenue": 2012.5,
        "sgaExpense": 48.9,
        "totalOperatingExpense": 383.2,
        "totalOtherIncomeExpenseNet": 0
      },
      {
        "costOfGoodsSold": 1222.7,
        "depreciationAmortization": 184,
        "dilutedAverageSharesOutstanding": 168,
        "dilutedEPS": -0.23,
        "ebit": 51.6,
        "grossIncome": 429.6,
        "interestIncomeExpense": -64.9,
        "minorityInterest": -7.5,
        "netIncome": -39.4,
        "netIncomeAfterTaxes": -3.2,
        "nonRecurringItems": 0,
        "otherOperatingExpensesTotal": 147.9,
        "period": "2016-09-30",
        "pretaxIncome": -11.9,
        "provisionforIncomeTaxes": -8.7,
        "revenue": 1652.3,
        "sgaExpense": 46.1,
        "totalOperatingExpense": 378,
        "totalOtherIncomeExpenseNet": 1.4
      },
      {
        "costOfGoodsSold": 1145.2,
        "depreciationAmortization": 186.1,
        "dilutedAverageSharesOutstanding": 161.6,
        "dilutedEPS": -0.33,
        "ebit": 66.3,
        "grossIncome": 438.4,
        "interestIncomeExpense": -75.8,
        "minorityInterest": -8.6,
        "netIncome": -52.6,
        "netIncomeAfterTaxes": -14.6,
        "nonRecurringItems": -3.4,
        "otherOperatingExpensesTotal": 139,
        "period": "2016-06-30",
        "pretaxIncome": -12.9,
        "provisionforIncomeTaxes": 1.7,
        "revenue": 1583.6,
        "sgaExpense": 47,
        "totalOperatingExpense": 372.1
      },
      {
        "costOfGoodsSold": 1011,
        "depreciationAmortization": 193.5,
        "dilutedAverageSharesOutstanding": 106.6,
        "dilutedEPS": -0.06,
        "ebit": 59.5,
        "grossIncome": 431.4,
        "interestIncomeExpense": -57.7,
        "minorityInterest": -2,
        "netIncome": -6.5,
        "netIncomeAfterTaxes": -0.7,
        "nonRecurringItems": 0.7,
        "otherOperatingExpensesTotal": 133.1,
        "period": "2016-03-31",
        "pretaxIncome": 2.4,
        "provisionforIncomeTaxes": 3.1,
        "revenue": 1442.4,
        "sgaExpense": 45.3,
        "totalOperatingExpense": 371.9,
        "totalOtherIncomeExpenseNet": -0.1
      },
      {
        "costOfGoodsSold": 1195.3,
        "depreciationAmortization": 228.8,
        "dilutedAverageSharesOutstanding": 56.3,
        "dilutedEPS": 0.48,
        "ebit": 83.1,
        "grossIncome": 452.1,
        "interestIncomeExpense": -37.7,
        "minorityInterest": 258.9,
        "netIncome": 26.9,
        "netIncomeAfterTaxes": -232,
        "nonRecurringItems": -286.7,
        "otherOperatingExpensesTotal": 115,
        "period": "2015-12-31",
        "pretaxIncome": -246.5,
        "provisionforIncomeTaxes": -14.5,
        "revenue": 1647.4,
        "sgaExpense": 25.2,
        "totalOperatingExpense": 369,
        "totalOtherIncomeExpenseNet": -5.2
      },
      {
        "costOfGoodsSold": 1172.4,
        "depreciationAmortization": 165.8,
        "dilutedAverageSharesOutstanding": 56.1,
        "dilutedEPS": 0.23,
        "ebit": 115.3,
        "grossIncome": 459.7,
        "interestIncomeExpense": -72,
        "minorityInterest": -8.1,
        "netIncome": 12.7,
        "netIncomeAfterTaxes": 20.8,
        "nonRecurringItems": -0.5,
        "otherOperatingExpensesTotal": 133.7,
        "period": "2015-09-30",
        "pretaxIncome": 44.8,
        "provisionforIncomeTaxes": 24,
        "revenue": 1632.1,
        "sgaExpense": 44.9,
        "totalOperatingExpense": 344.4,
        "totalOtherIncomeExpenseNet": 2
      }
    ],
    "symbol": "TRGP"
  }
}