{
  "symbol": "CVS",
  "statement": "ic",
  "frequency": "annual",
  "timestamp": "2025-09-19T13:58:47.766109",
  "data": {
    "financials": [
      {
        "costOfGoodsSold": 321408,
        "dilutedAverageSharesOutstanding": 1262,
        "dilutedEPS": 3.6561,
        "ebit": 10038,
        "grossIncome": 51401,
        "interestExpense": 2958,
        "interestIncomeExpense": -2958,
        "minorityInterest": 28,
        "netIncome": 4614,
        "netIncomeAfterTaxes": 4586,
        "nonRecurringItems": -1031,
        "otherOperatingExpensesTotal": 40374,
        "period": "2024-12-31",
        "pretaxIncome": 6148,
        "provisionforIncomeTaxes": 1562,
        "revenue": 372809,
        "sgaExpense": 989,
        "totalOperatingExpense": 41363,
        "totalOtherIncomeExpenseNet": 99,
        "year": 2024
      },
      {
        "costOfGoodsSold": 303345,
        "dilutedAverageSharesOutstanding": 1290,
        "dilutedEPS": 6.4682,
        "ebit": 15086,
        "grossIncome": 54431,
        "interestExpense": 2658,
        "interestIncomeExpense": -2658,
        "minorityInterest": -24,
        "netIncome": 8344,
        "netIncomeAfterTaxes": 8368,
        "nonRecurringItems": -1343,
        "otherOperatingExpensesTotal": 38360,
        "period": "2023-12-31",
        "pretaxIncome": 11173,
        "provisionforIncomeTaxes": 2805,
        "revenue": 357776,
        "sgaExpense": 985,
        "totalOperatingExpense": 39345,
        "totalOtherIncomeExpenseNet": 88,
        "year": 2023
      },
      {
        "costOfGoodsSold": 267965,
        "dilutedAverageSharesOutstanding": 1323,
        "dilutedEPS": 3.2585,
        "ebit": 16290,
        "grossIncome": 54502,
        "interestExpense": 2287,
        "interestIncomeExpense": -2287,
        "minorityInterest": -16,
        "netIncome": 4311,
        "netIncomeAfterTaxes": 4327,
        "nonRecurringItems": -8336,
        "otherOperatingExpensesTotal": 37467,
        "period": "2022-12-31",
        "pretaxIncome": 5836,
        "provisionforIncomeTaxes": 1509,
        "revenue": 322467,
        "sgaExpense": 745,
        "totalOperatingExpense": 38212,
        "totalOtherIncomeExpenseNet": 169,
        "year": 2022
      },
      {
        "costOfGoodsSold": 239991,
        "dilutedAverageSharesOutstanding": 1329,
        "dilutedEPS": 6.0203,
        "ebit": 15231,
        "grossIncome": 52120,
        "interestExpense": 2503,
        "interestIncomeExpense": -2503,
        "minorityInterest": 12,
        "netIncome": 8001,
        "netIncomeAfterTaxes": 7989,
        "nonRecurringItems": -2373,
        "otherOperatingExpensesTotal": 36182,
        "period": "2021-12-31",
        "pretaxIncome": 10537,
        "provisionforIncomeTaxes": 2548,
        "revenue": 292111,
        "sgaExpense": 707,
        "totalOperatingExpense": 36889,
        "totalOtherIncomeExpenseNet": 182,
        "year": 2021
      },
      {
        "costOfGoodsSold": 163981,
        "dilutedAverageSharesOutstanding": 1314,
        "dilutedEPS": 5.47,
        "ebit": 13974,
        "grossIncome": 104725,
        "interestExpense": 2907,
        "interestIncomeExpense": -2907,
        "minorityInterest": -13,
        "netIncome": 7179,
        "netIncomeAfterTaxes": 7201,
        "nonRecurringItems": -1503,
        "otherOperatingExpensesTotal": 55679,
        "period": "2020-12-31",
        "pretaxIncome": 9770,
        "provisionforIncomeTaxes": 2569,
        "revenue": 268706,
        "sgaExpense": 35072,
        "totalOperatingExpense": 90751,
        "totalOtherIncomeExpenseNet": 206,
        "year": 2020
      },
      {
        "costOfGoodsSold": 158719,
        "dilutedAverageSharesOutstanding": 1305,
        "dilutedEPS": 5.08,
        "ebit": 12467,
        "grossIncome": 98057,
        "interestExpense": 3035,
        "interestIncomeExpense": -3035,
        "minorityInterest": 3,
        "netIncome": 6634,
        "netIncomeAfterTaxes": 6631,
        "nonRecurringItems": -559,
        "otherOperatingExpensesTotal": 52529,
        "period": "2019-12-31",
        "pretaxIncome": 8997,
        "provisionforIncomeTaxes": 2366,
        "revenue": 256776,
        "sgaExpense": 33061,
        "totalOperatingExpense": 85590,
        "totalOtherIncomeExpenseNet": 124,
        "year": 2019
      },
      {
        "costOfGoodsSold": 156447,
        "dilutedAverageSharesOutstanding": 1044,
        "dilutedEPS": -0.57,
        "ebit": 10170,
        "grossIncome": 38132,
        "interestExpense": 2619,
        "interestIncomeExpense": -2619,
        "minorityInterest": 2,
        "netIncome": -597,
        "netIncomeAfterTaxes": -696,
        "nonRecurringItems": -6149,
        "otherOperatingExpensesTotal": 6594,
        "period": "2018-12-31",
        "pretaxIncome": 1406,
        "provisionforIncomeTaxes": 2102,
        "revenue": 194579,
        "sgaExpense": 21368,
        "totalOperatingExpense": 27962,
        "totalOtherIncomeExpenseNet": 4,
        "year": 2018
      },
      {
        "costOfGoodsSold": 153448,
        "dilutedAverageSharesOutstanding": 1024,
        "dilutedEPS": 6.45,
        "ebit": 9719,
        "grossIncome": 31338,
        "interestExpense": 1062,
        "interestIncomeExpense": -1062,
        "minorityInterest": -1,
        "netIncome": 6606,
        "netIncomeAfterTaxes": 5131,
        "nonRecurringItems": -181,
        "otherOperatingExpensesTotal": 2810,
        "period": "2017-12-31",
        "pretaxIncome": 8268,
        "provisionforIncomeTaxes": 3137,
        "revenue": 184786,
        "sgaExpense": 18809,
        "totalOperatingExpense": 21619,
        "totalOtherIncomeExpenseNet": -208,
        "year": 2017
      },
      {
        "costOfGoodsSold": 146533,
        "dilutedAverageSharesOutstanding": 1079,
        "dilutedEPS": 4.9,
        "ebit": 10386,
        "grossIncome": 31013,
        "interestExpense": 1078,
        "interestIncomeExpense": -1078,
        "minorityInterest": -2,
        "netIncome": 5291,
        "netIncomeAfterTaxes": 5320,
        "nonRecurringItems": -643,
        "otherOperatingExpensesTotal": 2179,
        "period": "2016-12-31",
        "pretaxIncome": 8637,
        "provisionforIncomeTaxes": 3317,
        "revenue": 177546,
        "sgaExpense": 18448,
        "totalOperatingExpense": 20627,
        "totalOtherIncomeExpenseNet": -28,
        "year": 2016
      },
      {
        "costOfGoodsSold": 126762,
        "dilutedAverageSharesOutstanding": 1126,
        "dilutedEPS": 4.64,
        "ebit": 9454,
        "grossIncome": 26528,
        "interestExpense": 859,
        "interestIncomeExpense": -838,
        "minorityInterest": -2,
        "netIncome": 5237,
        "netIncomeAfterTaxes": 5230,
        "nonRecurringItems": 0,
        "period": "2015-12-31",
        "pretaxIncome": 8616,
        "provisionforIncomeTaxes": 3386,
        "revenue": 153290,
        "sgaExpense": 17074,
        "totalOperatingExpense": 17074,
        "year": 2015
      }
    ],
    "symbol": "CVS"
  }
}