{
  "symbol": "ODFL",
  "statement": "ic",
  "frequency": "annual",
  "timestamp": "2025-09-19T14:05:01.335548",
  "data": {
    "financials": [
      {
        "costOfGoodsSold": 635.32,
        "depreciationAmortization": 344.568,
        "dilutedAverageSharesOutstanding": 216.485,
        "dilutedEPS": 5.4788,
        "ebit": 1543.998,
        "grossIncome": 5179.49,
        "interestExpense": 0.212,
        "interestIncomeExpense": 16.799,
        "netIncome": 1186.073,
        "netIncomeAfterTaxes": 1186.073,
        "otherOperatingExpensesTotal": 291.878,
        "period": "2024-12-31",
        "pretaxIncome": 1557.597,
        "provisionforIncomeTaxes": 371.524,
        "revenue": 5814.81,
        "sgaExpense": 2999.046,
        "totalOperatingExpense": 3635.492,
        "totalOtherIncomeExpenseNet": -3.2,
        "year": 2024
      },
      {
        "costOfGoodsSold": 718.326,
        "depreciationAmortization": 324.435,
        "dilutedAverageSharesOutstanding": 220.18,
        "dilutedEPS": 5.63,
        "ebit": 1640.673,
        "grossIncome": 5147.826,
        "interestExpense": 0.464,
        "interestIncomeExpense": 12.335,
        "netIncome": 1239.502,
        "netIncomeAfterTaxes": 1239.502,
        "otherOperatingExpensesTotal": 271.989,
        "period": "2023-12-31",
        "pretaxIncome": 1647.776,
        "provisionforIncomeTaxes": 408.274,
        "revenue": 5866.152,
        "sgaExpense": 2910.729,
        "totalOperatingExpense": 3507.153,
        "totalOtherIncomeExpenseNet": -5.232,
        "year": 2023
      },
      {
        "costOfGoodsSold": 852.955,
        "depreciationAmortization": 276.05,
        "dilutedAverageSharesOutstanding": 226.156,
        "dilutedEPS": 6.09,
        "ebit": 1840.632,
        "grossIncome": 5407.122,
        "interestExpense": 1.563,
        "interestIncomeExpense": 3.321,
        "netIncome": 1377.159,
        "netIncomeAfterTaxes": 1377.159,
        "otherOperatingExpensesTotal": 314.722,
        "period": "2022-12-31",
        "pretaxIncome": 1841.349,
        "provisionforIncomeTaxes": 464.19,
        "revenue": 6260.077,
        "sgaExpense": 2975.718,
        "totalOperatingExpense": 3566.49,
        "totalOtherIncomeExpenseNet": -2.604,
        "year": 2022
      },
      {
        "costOfGoodsSold": 567.615,
        "depreciationAmortization": 259.883,
        "dilutedAverageSharesOutstanding": 232.82,
        "dilutedEPS": 4.44,
        "ebit": 1391.602,
        "grossIncome": 4688.713,
        "interestExpense": 1.727,
        "interestIncomeExpense": -0.941,
        "netIncome": 1034.375,
        "netIncomeAfterTaxes": 1034.375,
        "otherOperatingExpensesTotal": 345.486,
        "period": "2021-12-31",
        "pretaxIncome": 1388.423,
        "provisionforIncomeTaxes": 354.048,
        "revenue": 5256.328,
        "sgaExpense": 2691.742,
        "totalOperatingExpense": 3297.111,
        "totalOtherIncomeExpenseNet": -2.238,
        "year": 2021
      },
      {
        "costOfGoodsSold": 373.431,
        "depreciationAmortization": 261.259,
        "dilutedAverageSharesOutstanding": 236.986,
        "dilutedEPS": 2.84,
        "ebit": 906.882,
        "grossIncome": 3641.698,
        "interestExpense": 2.782,
        "interestIncomeExpense": -0.952,
        "netIncome": 672.682,
        "netIncomeAfterTaxes": 672.682,
        "otherOperatingExpensesTotal": 235.478,
        "period": "2020-12-31",
        "pretaxIncome": 901.364,
        "provisionforIncomeTaxes": 228.682,
        "revenue": 4015.129,
        "sgaExpense": 2238.079,
        "totalOperatingExpense": 2734.816,
        "totalOtherIncomeExpenseNet": -4.566,
        "year": 2020
      },
      {
        "costOfGoodsSold": 473.114,
        "depreciationAmortization": 253.681,
        "dilutedAverageSharesOutstanding": 241.218,
        "dilutedEPS": 2.55,
        "ebit": 818.706,
        "grossIncome": 3635.997,
        "interestExpense": 0.377,
        "interestIncomeExpense": 6.386,
        "netIncome": 615.518,
        "netIncomeAfterTaxes": 615.518,
        "otherOperatingExpensesTotal": 235.021,
        "period": "2019-12-31",
        "pretaxIncome": 823.949,
        "provisionforIncomeTaxes": 208.431,
        "revenue": 4109.111,
        "sgaExpense": 2328.589,
        "totalOperatingExpense": 2817.291,
        "totalOtherIncomeExpenseNet": -1.143,
        "year": 2019
      },
      {
        "costOfGoodsSold": 491.03,
        "depreciationAmortization": 230.357,
        "dilutedAverageSharesOutstanding": 246.058,
        "dilutedEPS": 2.46,
        "ebit": 817.051,
        "grossIncome": 3552.665,
        "interestExpense": 0.189,
        "interestIncomeExpense": 2.924,
        "netIncome": 605.668,
        "netIncomeAfterTaxes": 605.668,
        "otherOperatingExpensesTotal": 228.841,
        "period": "2018-12-31",
        "pretaxIncome": 815.513,
        "provisionforIncomeTaxes": 209.845,
        "revenue": 4043.695,
        "sgaExpense": 2276.416,
        "totalOperatingExpense": 2735.614,
        "totalOtherIncomeExpenseNet": -4.462,
        "year": 2018
      },
      {
        "costOfGoodsSold": 381.798,
        "depreciationAmortization": 205.763,
        "dilutedAverageSharesOutstanding": 247.22,
        "dilutedEPS": 1.87,
        "ebit": 575.886,
        "grossIncome": 2976.314,
        "interestExpense": 2.154,
        "interestIncomeExpense": -1.414,
        "netIncome": 463.774,
        "netIncomeAfterTaxes": 358.874,
        "otherOperatingExpensesTotal": 207.036,
        "period": "2017-12-31",
        "pretaxIncome": 575.832,
        "provisionforIncomeTaxes": 216.958,
        "revenue": 3358.112,
        "sgaExpense": 1987.629,
        "totalOperatingExpense": 2400.428,
        "totalOtherIncomeExpenseNet": 1.36,
        "year": 2017
      },
      {
        "costOfGoodsSold": 322.997,
        "depreciationAmortization": 189.867,
        "dilutedAverageSharesOutstanding": 249.459,
        "dilutedEPS": 1.19,
        "ebit": 483.835,
        "grossIncome": 2668.52,
        "interestExpense": 4.332,
        "interestIncomeExpense": -4.274,
        "netIncome": 295.765,
        "netIncomeAfterTaxes": 295.765,
        "otherOperatingExpensesTotal": 182.452,
        "period": "2016-12-31",
        "pretaxIncome": 477.587,
        "provisionforIncomeTaxes": 181.822,
        "revenue": 2991.517,
        "sgaExpense": 1812.366,
        "totalOperatingExpense": 2184.685,
        "totalOtherIncomeExpenseNet": -1.974,
        "year": 2016
      },
      {
        "costOfGoodsSold": 353.889,
        "depreciationAmortization": 165.343,
        "dilutedAverageSharesOutstanding": 256.134,
        "dilutedEPS": 1.19,
        "ebit": 498.24,
        "grossIncome": 2618.553,
        "interestExpense": 5.21,
        "interestIncomeExpense": -5.001,
        "netIncome": 304.69,
        "netIncomeAfterTaxes": 304.69,
        "otherOperatingExpensesTotal": 221.97,
        "period": "2015-12-31",
        "pretaxIncome": 490.017,
        "provisionforIncomeTaxes": 185.327,
        "revenue": 2972.442,
        "sgaExpense": 1733,
        "totalOperatingExpense": 2120.313,
        "totalOtherIncomeExpenseNet": -3.222,
        "year": 2015
      }
    ],
    "symbol": "ODFL"
  }
}