{
  "symbol": "DECK",
  "statement": "ic",
  "frequency": "quarterly",
  "timestamp": "2025-09-19T13:58:58.536227",
  "data": {
    "financials": [
      {
        "costOfGoodsSold": 426.632,
        "dilutedAverageSharesOutstanding": 149.635,
        "dilutedEPS": 0.9303,
        "ebit": 165.287,
        "grossIncome": 537.906,
        "interestExpense": 0.935,
        "interestIncomeExpense": 17.761,
        "netIncome": 139.203,
        "netIncomeAfterTaxes": 139.203,
        "period": "2025-06-30",
        "pretaxIncome": 183.066,
        "provisionforIncomeTaxes": 43.863,
        "revenue": 964.538,
        "sgaExpense": 372.619,
        "totalOperatingExpense": 372.619,
        "totalOtherIncomeExpenseNet": 0.018
      },
      {
        "costOfGoodsSold": 442.012,
        "dilutedAverageSharesOutstanding": 151.908,
        "dilutedEPS": 0.9967,
        "ebit": 173.925,
        "grossIncome": 579.768,
        "interestExpense": 0.725,
        "interestIncomeExpense": 19.637,
        "netIncome": 151.411,
        "netIncomeAfterTaxes": 151.411,
        "period": "2025-03-31",
        "pretaxIncome": 191.292,
        "provisionforIncomeTaxes": 39.881,
        "revenue": 1021.78,
        "sgaExpense": 405.843,
        "totalOperatingExpense": 405.843,
        "totalOtherIncomeExpenseNet": -2.27
      },
      {
        "costOfGoodsSold": 724.542,
        "dilutedAverageSharesOutstanding": 152.386,
        "dilutedEPS": 2.9972,
        "ebit": 567.274,
        "grossIncome": 1102.623,
        "interestExpense": 0.61,
        "interestIncomeExpense": 15.368,
        "netIncome": 456.734,
        "netIncomeAfterTaxes": 456.734,
        "period": "2024-12-31",
        "pretaxIncome": 583.942,
        "provisionforIncomeTaxes": 127.208,
        "revenue": 1827.165,
        "sgaExpense": 535.349,
        "totalOperatingExpense": 535.349,
        "totalOtherIncomeExpenseNet": 1.3
      },
      {
        "costOfGoodsSold": 578.048,
        "dilutedAverageSharesOutstanding": 152.778,
        "dilutedEPS": 1.59,
        "ebit": 305.086,
        "grossIncome": 733.272,
        "interestExpense": 1.151,
        "interestIncomeExpense": 13.646,
        "netIncome": 242.321,
        "netIncomeAfterTaxes": 242.321,
        "period": "2024-09-30",
        "pretaxIncome": 318.912,
        "provisionforIncomeTaxes": 76.591,
        "revenue": 1311.32,
        "sgaExpense": 428.186,
        "totalOperatingExpense": 428.186,
        "totalOtherIncomeExpenseNet": 0.18
      },
      {
        "costOfGoodsSold": 355.347,
        "dilutedAverageSharesOutstanding": 153.483,
        "dilutedEPS": 0.75,
        "ebit": 132.807,
        "grossIncome": 470,
        "interestExpense": 1.031,
        "interestIncomeExpense": 16.221,
        "netIncome": 115.625,
        "netIncomeAfterTaxes": 115.625,
        "period": "2024-06-30",
        "pretaxIncome": 149.153,
        "provisionforIncomeTaxes": 33.528,
        "revenue": 825.347,
        "sgaExpense": 337.193,
        "totalOperatingExpense": 337.193,
        "totalOtherIncomeExpenseNet": 0.125
      },
      {
        "costOfGoodsSold": 420.282,
        "dilutedAverageSharesOutstanding": 155.097,
        "dilutedEPS": 0.82,
        "ebit": 152.426,
        "grossIncome": 539.476,
        "interestIncomeExpense": 19.3,
        "netIncome": 127.545,
        "netIncomeAfterTaxes": 127.545,
        "nonRecurringItems": -8.164,
        "period": "2024-03-31",
        "pretaxIncome": 164.207,
        "provisionforIncomeTaxes": 36.662,
        "revenue": 959.758,
        "sgaExpense": 387.05,
        "totalOperatingExpense": 387.05,
        "totalOtherIncomeExpenseNet": 0.645
      },
      {
        "costOfGoodsSold": 643.738,
        "dilutedAverageSharesOutstanding": 154.863,
        "dilutedEPS": 2.52,
        "ebit": 487.899,
        "grossIncome": 916.569,
        "interestExpense": 0.911,
        "interestIncomeExpense": 10.984,
        "netIncome": 389.919,
        "netIncomeAfterTaxes": 389.919,
        "period": "2023-12-31",
        "pretaxIncome": 499.053,
        "provisionforIncomeTaxes": 109.134,
        "revenue": 1560.307,
        "sgaExpense": 428.67,
        "totalOperatingExpense": 428.67,
        "totalOtherIncomeExpenseNet": 0.17
      },
      {
        "costOfGoodsSold": 508.888,
        "dilutedAverageSharesOutstanding": 157.065,
        "dilutedEPS": 1.14,
        "ebit": 224.617,
        "grossIncome": 583.019,
        "interestExpense": 1.011,
        "interestIncomeExpense": 9.078,
        "netIncome": 178.547,
        "netIncomeAfterTaxes": 178.547,
        "period": "2023-09-30",
        "pretaxIncome": 234.317,
        "provisionforIncomeTaxes": 55.77,
        "revenue": 1091.907,
        "sgaExpense": 358.402,
        "totalOperatingExpense": 358.402,
        "totalOtherIncomeExpenseNet": 0.622
      },
      {
        "costOfGoodsSold": 329.367,
        "dilutedAverageSharesOutstanding": 157.923,
        "dilutedEPS": 0.4,
        "ebit": 70.736,
        "grossIncome": 346.424,
        "interestExpense": 1.005,
        "interestIncomeExpense": 10.282,
        "netIncome": 63.552,
        "netIncomeAfterTaxes": 63.552,
        "nonRecurringItems": 0,
        "period": "2023-06-30",
        "pretaxIncome": 81.364,
        "provisionforIncomeTaxes": 17.812,
        "revenue": 675.791,
        "sgaExpense": 275.688,
        "totalOperatingExpense": 275.688,
        "totalOtherIncomeExpenseNet": 0.346
      },
      {
        "costOfGoodsSold": 395.403,
        "dilutedAverageSharesOutstanding": 159.141,
        "dilutedEPS": 0.58,
        "ebit": 106.651,
        "grossIncome": 396.168,
        "interestExpense": 0.197,
        "interestIncomeExpense": 8.697,
        "netIncome": 91.787,
        "netIncomeAfterTaxes": 91.787,
        "nonRecurringItems": -0.732,
        "period": "2023-03-31",
        "pretaxIncome": 114.858,
        "provisionforIncomeTaxes": 23.071,
        "revenue": 791.571,
        "sgaExpense": 289.517,
        "totalOperatingExpense": 289.517,
        "totalOtherIncomeExpenseNet": 0.242
      },
      {
        "costOfGoodsSold": 633.111,
        "dilutedAverageSharesOutstanding": 159.513,
        "dilutedEPS": 1.75,
        "ebit": 363.279,
        "grossIncome": 712.529,
        "interestExpense": 1.155,
        "interestIncomeExpense": 2.814,
        "netIncome": 278.662,
        "netIncomeAfterTaxes": 278.662,
        "nonRecurringItems": -1.017,
        "period": "2022-12-31",
        "pretaxIncome": 365.304,
        "provisionforIncomeTaxes": 86.642,
        "revenue": 1345.64,
        "sgaExpense": 349.25,
        "totalOperatingExpense": 349.25,
        "totalOtherIncomeExpenseNet": 0.228
      },
      {
        "costOfGoodsSold": 453.693,
        "dilutedAverageSharesOutstanding": 160.089,
        "dilutedEPS": 0.63,
        "ebit": 129.667,
        "grossIncome": 421.921,
        "interestExpense": 1.038,
        "interestIncomeExpense": -0.99,
        "netIncome": 101.524,
        "netIncomeAfterTaxes": 101.524,
        "nonRecurringItems": 0,
        "period": "2022-09-30",
        "pretaxIncome": 128.918,
        "provisionforIncomeTaxes": 27.394,
        "revenue": 875.614,
        "sgaExpense": 292.254,
        "totalOperatingExpense": 292.254,
        "totalOtherIncomeExpenseNet": 0.241
      },
      {
        "costOfGoodsSold": 319.709,
        "dilutedAverageSharesOutstanding": 161.685,
        "dilutedEPS": 0.28,
        "ebit": 57.489,
        "grossIncome": 294.752,
        "interestExpense": 1.052,
        "interestIncomeExpense": 0.082,
        "netIncome": 44.849,
        "netIncomeAfterTaxes": 44.849,
        "nonRecurringItems": -1.068,
        "period": "2022-06-30",
        "pretaxIncome": 57.002,
        "provisionforIncomeTaxes": 12.153,
        "revenue": 614.461,
        "sgaExpense": 237.263,
        "totalOperatingExpense": 237.263,
        "totalOtherIncomeExpenseNet": 0.499
      },
      {
        "costOfGoodsSold": 377.268,
        "dilutedAverageSharesOutstanding": 164.661,
        "dilutedEPS": 0.42,
        "ebit": 84.484,
        "grossIncome": 358.739,
        "interestIncomeExpense": 1.315,
        "netIncome": 68.819,
        "netIncomeAfterTaxes": 68.819,
        "nonRecurringItems": -3.186,
        "period": "2022-03-31",
        "pretaxIncome": 82.35,
        "provisionforIncomeTaxes": 13.531,
        "revenue": 736.007,
        "sgaExpense": 274.255,
        "totalOperatingExpense": 274.255,
        "totalOtherIncomeExpenseNet": -0.263
      },
      {
        "costOfGoodsSold": 566.531,
        "dilutedAverageSharesOutstanding": 165.975,
        "dilutedEPS": 1.4,
        "ebit": 293.396,
        "grossIncome": 621.221,
        "interestExpense": 0.999,
        "interestIncomeExpense": -0.63,
        "netIncome": 232.943,
        "netIncomeAfterTaxes": 232.943,
        "period": "2021-12-31",
        "pretaxIncome": 292.957,
        "provisionforIncomeTaxes": 60.014,
        "revenue": 1187.752,
        "sgaExpense": 327.825,
        "totalOperatingExpense": 327.825,
        "totalOtherIncomeExpenseNet": 0.191
      },
      {
        "costOfGoodsSold": 354.814,
        "dilutedAverageSharesOutstanding": 167.373,
        "dilutedEPS": 0.61,
        "ebit": 128.181,
        "grossIncome": 367.088,
        "interestExpense": 0.913,
        "interestIncomeExpense": -0.453,
        "netIncome": 102.063,
        "netIncomeAfterTaxes": 102.063,
        "period": "2021-09-30",
        "pretaxIncome": 127.68,
        "provisionforIncomeTaxes": 25.617,
        "revenue": 721.902,
        "sgaExpense": 238.907,
        "totalOperatingExpense": 238.907,
        "totalOtherIncomeExpenseNet": -0.048
      },
      {
        "costOfGoodsSold": 244.175,
        "dilutedAverageSharesOutstanding": 168.369,
        "dilutedEPS": 0.29,
        "ebit": 61.832,
        "grossIncome": 260.503,
        "interestExpense": 0.896,
        "interestIncomeExpense": -0.414,
        "netIncome": 48.124,
        "netIncomeAfterTaxes": 48.124,
        "period": "2021-06-30",
        "pretaxIncome": 61.651,
        "provisionforIncomeTaxes": 13.527,
        "revenue": 504.678,
        "sgaExpense": 198.671,
        "totalOperatingExpense": 198.671,
        "totalOtherIncomeExpenseNet": 0.233
      },
      {
        "costOfGoodsSold": 262.538,
        "dilutedAverageSharesOutstanding": 170.991,
        "dilutedEPS": 0.2,
        "ebit": 72.251,
        "grossIncome": 298.65,
        "interestExpense": 2.674,
        "interestIncomeExpense": -1.756,
        "netIncome": 33.458,
        "netIncomeAfterTaxes": 33.458,
        "nonRecurringItems": -17.606,
        "period": "2021-03-31",
        "pretaxIncome": 53.066,
        "provisionforIncomeTaxes": 19.608,
        "revenue": 561.188,
        "sgaExpense": 226.399,
        "totalOperatingExpense": 226.399,
        "totalOtherIncomeExpenseNet": 0.177
      },
      {
        "costOfGoodsSold": 463.862,
        "dilutedAverageSharesOutstanding": 170.457,
        "dilutedEPS": 1.5,
        "ebit": 328.655,
        "grossIncome": 613.897,
        "interestExpense": 0.959,
        "interestIncomeExpense": -0.366,
        "netIncome": 255.536,
        "netIncomeAfterTaxes": 255.536,
        "period": "2020-12-31",
        "pretaxIncome": 328.556,
        "provisionforIncomeTaxes": 73.02,
        "revenue": 1077.759,
        "sgaExpense": 285.242,
        "totalOperatingExpense": 285.242,
        "totalOtherIncomeExpenseNet": 0.267
      },
      {
        "costOfGoodsSold": 304.548,
        "dilutedAverageSharesOutstanding": 170.007,
        "dilutedEPS": 0.6,
        "ebit": 128.604,
        "grossIncome": 318.977,
        "interestExpense": 1.205,
        "interestIncomeExpense": -0.753,
        "netIncome": 101.554,
        "netIncomeAfterTaxes": 101.554,
        "period": "2020-09-30",
        "pretaxIncome": 127.964,
        "provisionforIncomeTaxes": 26.41,
        "revenue": 623.525,
        "sgaExpense": 190.373,
        "totalOperatingExpense": 190.373,
        "totalOtherIncomeExpenseNet": 0.113
      },
      {
        "costOfGoodsSold": 140.603,
        "dilutedAverageSharesOutstanding": 168.003,
        "dilutedEPS": -0.05,
        "ebit": -7.699,
        "grossIncome": 142.566,
        "interestExpense": 1.19,
        "interestIncomeExpense": -0.516,
        "netIncome": -7.973,
        "netIncomeAfterTaxes": -7.973,
        "period": "2020-06-30",
        "pretaxIncome": -8.072,
        "provisionforIncomeTaxes": -0.099,
        "revenue": 283.169,
        "sgaExpense": 150.265,
        "totalOperatingExpense": 150.265,
        "totalOtherIncomeExpenseNet": 0.143
      },
      {
        "costOfGoodsSold": 181.912,
        "dilutedAverageSharesOutstanding": 169.677,
        "dilutedEPS": 0.09,
        "ebit": 17.427,
        "grossIncome": 192.998,
        "interestExpense": 2.248,
        "interestIncomeExpense": -0.897,
        "netIncome": 16.09,
        "netIncomeAfterTaxes": 16.09,
        "nonRecurringItems": -0.106,
        "period": "2020-03-31",
        "pretaxIncome": 16.645,
        "provisionforIncomeTaxes": 0.555,
        "revenue": 374.91,
        "sgaExpense": 175.571,
        "totalOperatingExpense": 175.571,
        "totalOtherIncomeExpenseNet": 0.221
      },
      {
        "costOfGoodsSold": 431.103,
        "dilutedAverageSharesOutstanding": 169.491,
        "dilutedEPS": 1.19,
        "ebit": 256.833,
        "grossIncome": 507.632,
        "interestExpense": 0.128,
        "interestIncomeExpense": 0.912,
        "netIncome": 201.593,
        "netIncomeAfterTaxes": 201.593,
        "nonRecurringItems": -1.259,
        "period": "2019-12-31",
        "pretaxIncome": 256.603,
        "provisionforIncomeTaxes": 55.01,
        "revenue": 938.735,
        "sgaExpense": 250.799,
        "totalOperatingExpense": 250.799,
        "totalOtherIncomeExpenseNet": 0.117
      },
      {
        "costOfGoodsSold": 269.181,
        "dilutedAverageSharesOutstanding": 172.227,
        "dilutedEPS": 0.45,
        "ebit": 96.629,
        "grossIncome": 273.024,
        "interestExpense": 1.524,
        "interestIncomeExpense": 0.508,
        "netIncome": 77.81,
        "netIncomeAfterTaxes": 77.81,
        "period": "2019-09-30",
        "pretaxIncome": 97.223,
        "provisionforIncomeTaxes": 19.413,
        "revenue": 542.205,
        "sgaExpense": 176.395,
        "totalOperatingExpense": 176.395,
        "totalOtherIncomeExpenseNet": 0.086
      },
      {
        "costOfGoodsSold": 146.82,
        "dilutedAverageSharesOutstanding": 174.531,
        "dilutedEPS": -0.11,
        "ebit": -31.061,
        "grossIncome": 130.019,
        "interestExpense": 1.146,
        "interestIncomeExpense": 1.364,
        "netIncome": -19.351,
        "netIncomeAfterTaxes": -19.351,
        "period": "2019-06-30",
        "pretaxIncome": -29.605,
        "provisionforIncomeTaxes": -10.254,
        "revenue": 276.839,
        "sgaExpense": 161.08,
        "totalOperatingExpense": 161.08,
        "totalOtherIncomeExpenseNet": 0.092
      },
      {
        "costOfGoodsSold": 190.825,
        "dilutedAverageSharesOutstanding": 176.534,
        "dilutedEPS": 0.14,
        "ebit": 34.163,
        "grossIncome": 203.305,
        "interestExpense": 0.817,
        "interestIncomeExpense": -0.654,
        "netIncome": 23.969,
        "netIncomeAfterTaxes": 24.259,
        "nonRecurringItems": 0,
        "period": "2019-03-31",
        "pretaxIncome": 33.543,
        "provisionforIncomeTaxes": 9.284,
        "revenue": 394.13,
        "sgaExpense": 169.142,
        "totalOperatingExpense": 169.142,
        "totalOtherIncomeExpenseNet": 0.034
      },
      {
        "costOfGoodsSold": 403.707,
        "dilutedAverageSharesOutstanding": 176.378,
        "dilutedEPS": 1.11,
        "ebit": 243.851,
        "grossIncome": 470.093,
        "interestExpense": 0.97,
        "interestIncomeExpense": 0.803,
        "netIncome": 196.374,
        "netIncomeAfterTaxes": 195.581,
        "nonRecurringItems": 0,
        "period": "2018-12-31",
        "pretaxIncome": 244.667,
        "provisionforIncomeTaxes": 49.086,
        "revenue": 873.8,
        "sgaExpense": 226.242,
        "totalOperatingExpense": 226.242,
        "totalOtherIncomeExpenseNet": 0.013
      },
      {
        "costOfGoodsSold": 250.026,
        "dilutedAverageSharesOutstanding": 180.164,
        "dilutedEPS": 0.41,
        "ebit": 89.823,
        "grossIncome": 251.887,
        "interestExpense": 1.64,
        "interestIncomeExpense": 0.058,
        "netIncome": 74.372,
        "netIncomeAfterTaxes": 74.372,
        "nonRecurringItems": -0.295,
        "period": "2018-09-30",
        "pretaxIncome": 89.775,
        "provisionforIncomeTaxes": 15.403,
        "revenue": 501.913,
        "sgaExpense": 162.064,
        "totalOperatingExpense": 162.064,
        "totalOtherIncomeExpenseNet": 0.189
      },
      {
        "costOfGoodsSold": 135.629,
        "dilutedAverageSharesOutstanding": 182.534,
        "dilutedEPS": -0.17,
        "ebit": -40.747,
        "grossIncome": 114.965,
        "interestExpense": 1.234,
        "interestIncomeExpense": 1.685,
        "netIncome": -30.407,
        "netIncomeAfterTaxes": -30.887,
        "period": "2018-06-30",
        "pretaxIncome": -39.051,
        "provisionforIncomeTaxes": -8.164,
        "revenue": 250.594,
        "sgaExpense": 155.712,
        "totalOperatingExpense": 155.712,
        "totalOtherIncomeExpenseNet": 0.011
      },
      {
        "costOfGoodsSold": 208.255,
        "dilutedAverageSharesOutstanding": 188.552,
        "dilutedEPS": 0.1,
        "ebit": 12.934,
        "grossIncome": 192.429,
        "interestExpense": 0.541,
        "interestIncomeExpense": 6.325,
        "netIncome": 20.615,
        "netIncomeAfterTaxes": 19.602,
        "nonRecurringItems": 0,
        "period": "2018-03-31",
        "pretaxIncome": 17.909,
        "provisionforIncomeTaxes": -1.693,
        "revenue": 400.684,
        "sgaExpense": 179.495,
        "totalOperatingExpense": 179.495,
        "totalOtherIncomeExpenseNet": -1.35
      },
      {
        "costOfGoodsSold": 387.007,
        "dilutedAverageSharesOutstanding": 192.242,
        "dilutedEPS": 0.44,
        "ebit": 192.856,
        "grossIncome": 423.471,
        "interestExpense": 1.506,
        "interestIncomeExpense": -0.432,
        "netIncome": 86.341,
        "netIncomeAfterTaxes": 158.361,
        "nonRecurringItems": -0.149,
        "period": "2017-12-31",
        "pretaxIncome": 193.053,
        "provisionforIncomeTaxes": 34.692,
        "revenue": 810.478,
        "sgaExpense": 230.615,
        "totalOperatingExpense": 230.615,
        "totalOtherIncomeExpenseNet": 0.778
      },
      {
        "costOfGoodsSold": 257.343,
        "dilutedAverageSharesOutstanding": 193.628,
        "dilutedEPS": 0.26,
        "ebit": 67.981,
        "grossIncome": 225.117,
        "interestExpense": 1.531,
        "interestIncomeExpense": -1.648,
        "netIncome": 49.559,
        "netIncomeAfterTaxes": 49.559,
        "period": "2017-09-30",
        "pretaxIncome": 66.321,
        "provisionforIncomeTaxes": 16.762,
        "revenue": 482.46,
        "sgaExpense": 157.136,
        "totalOperatingExpense": 157.136,
        "totalOtherIncomeExpenseNet": -0.012
      },
      {
        "costOfGoodsSold": 119.092,
        "dilutedAverageSharesOutstanding": 191.942,
        "dilutedEPS": -0.22,
        "ebit": -54.986,
        "grossIncome": 90.625,
        "interestExpense": 1.007,
        "interestIncomeExpense": -1.825,
        "netIncome": -42.121,
        "netIncomeAfterTaxes": -42.121,
        "period": "2017-06-30",
        "pretaxIncome": -56.587,
        "provisionforIncomeTaxes": -14.466,
        "revenue": 209.717,
        "sgaExpense": 145.611,
        "totalOperatingExpense": 145.611,
        "totalOtherIncomeExpenseNet": 0.224
      },
      {
        "costOfGoodsSold": 210.541,
        "dilutedAverageSharesOutstanding": 191.672,
        "dilutedEPS": -0.08,
        "ebit": -33.355,
        "grossIncome": 158.924,
        "interestExpense": 1.281,
        "interestIncomeExpense": -1.897,
        "netIncome": -15.704,
        "netIncomeAfterTaxes": -15.704,
        "nonRecurringItems": 3.4,
        "period": "2017-03-31",
        "pretaxIncome": -31.464,
        "provisionforIncomeTaxes": -15.76,
        "revenue": 369.465,
        "sgaExpense": 192.279,
        "totalOperatingExpense": 192.279,
        "totalOtherIncomeExpenseNet": 0.388
      },
      {
        "costOfGoodsSold": 376.711,
        "dilutedAverageSharesOutstanding": 193.85,
        "dilutedEPS": 0.21,
        "ebit": 54.17,
        "grossIncome": 383.634,
        "interestExpense": 2.66,
        "interestIncomeExpense": 1.689,
        "netIncome": 41.027,
        "netIncomeAfterTaxes": 41.027,
        "nonRecurringItems": -5.1,
        "period": "2016-12-31",
        "pretaxIncome": 50.887,
        "provisionforIncomeTaxes": 9.86,
        "revenue": 760.345,
        "sgaExpense": 329.464,
        "totalOperatingExpense": 329.464,
        "totalOtherIncomeExpenseNet": 0.128
      },
      {
        "costOfGoodsSold": 269.519,
        "dilutedAverageSharesOutstanding": 194.528,
        "dilutedEPS": 0.2,
        "ebit": 55.05,
        "grossIncome": 216.425,
        "interestExpense": 1.943,
        "interestIncomeExpense": -1.967,
        "netIncome": 39.305,
        "netIncomeAfterTaxes": 39.305,
        "nonRecurringItems": -0.9,
        "period": "2016-09-30",
        "pretaxIncome": 52.472,
        "provisionforIncomeTaxes": 13.167,
        "revenue": 485.944,
        "sgaExpense": 161.375,
        "totalOperatingExpense": 161.375,
        "totalOtherIncomeExpenseNet": 0.289
      },
      {
        "costOfGoodsSold": 98.141,
        "dilutedAverageSharesOutstanding": 192.14,
        "dilutedEPS": -0.31,
        "ebit": -51.42,
        "grossIncome": 76.252,
        "interestExpense": 1.435,
        "interestIncomeExpense": -1.63,
        "netIncome": -58.918,
        "netIncomeAfterTaxes": -58.918,
        "nonRecurringItems": -26.5,
        "period": "2016-06-30",
        "pretaxIncome": -78.881,
        "provisionforIncomeTaxes": -19.963,
        "revenue": 174.393,
        "sgaExpense": 127.672,
        "totalOperatingExpense": 127.672,
        "totalOtherIncomeExpenseNet": 0.669
      },
      {
        "costOfGoodsSold": 223.693,
        "dilutedAverageSharesOutstanding": 193.55,
        "dilutedEPS": -0.12,
        "ebit": -25.966,
        "grossIncome": 154.942,
        "interestExpense": 1.172,
        "interestIncomeExpense": -2.894,
        "netIncome": -23.706,
        "netIncomeAfterTaxes": -23.706,
        "period": "2016-03-31",
        "pretaxIncome": -28.933,
        "provisionforIncomeTaxes": -5.227,
        "revenue": 378.635,
        "sgaExpense": 180.908,
        "totalOperatingExpense": 180.908,
        "totalOtherIncomeExpenseNet": -0.073
      },
      {
        "costOfGoodsSold": 404.885,
        "dilutedAverageSharesOutstanding": 197.054,
        "dilutedEPS": 0.8,
        "ebit": 203.546,
        "grossIncome": 391.017,
        "interestExpense": 2.075,
        "interestIncomeExpense": -3.072,
        "netIncome": 156.921,
        "netIncomeAfterTaxes": 156.921,
        "period": "2015-12-31",
        "pretaxIncome": 200.658,
        "provisionforIncomeTaxes": 43.737,
        "revenue": 795.902,
        "sgaExpense": 187.471,
        "totalOperatingExpense": 187.471,
        "totalOtherIncomeExpenseNet": 0.184
      },
      {
        "costOfGoodsSold": 272.742,
        "dilutedAverageSharesOutstanding": 196.646,
        "dilutedEPS": 0.18,
        "ebit": 52.525,
        "grossIncome": 214.113,
        "interestExpense": 1.532,
        "interestIncomeExpense": -2.779,
        "netIncome": 36.377,
        "netIncomeAfterTaxes": 36.377,
        "period": "2015-09-30",
        "pretaxIncome": 49.842,
        "provisionforIncomeTaxes": 13.465,
        "revenue": 486.855,
        "sgaExpense": 161.588,
        "totalOperatingExpense": 161.588,
        "totalOtherIncomeExpenseNet": 0.096
      }
    ],
    "symbol": "DECK"
  }
}