{
  "symbol": "PKG",
  "statement": "ic",
  "frequency": "quarterly",
  "timestamp": "2025-09-19T14:05:12.410513",
  "data": {
    "financials": [
      {
        "costOfGoodsSold": 1688.3,
        "dilutedAverageSharesOutstanding": 89.7,
        "dilutedEPS": 2.6745,
        "ebit": 320.5,
        "grossIncome": 483,
        "interestExpense": 13.1,
        "interestIncomeExpense": -13.1,
        "netIncome": 239.9,
        "netIncomeAfterTaxes": 241.5,
        "nonRecurringItems": 13.2,
        "otherOperatingExpensesTotal": 9.3,
        "period": "2025-06-30",
        "pretaxIncome": 320.6,
        "provisionforIncomeTaxes": 79.1,
        "revenue": 2171.3,
        "sgaExpense": 153.2,
        "totalOperatingExpense": 162.5,
        "totalOtherIncomeExpenseNet": 0
      },
      {
        "costOfGoodsSold": 1686.3,
        "dilutedAverageSharesOutstanding": 89.6,
        "dilutedEPS": 2.2589,
        "ebit": 290.8,
        "grossIncome": 454.7,
        "interestExpense": 12.9,
        "interestIncomeExpense": -12.9,
        "netIncome": 202.4,
        "netIncomeAfterTaxes": 203.8,
        "nonRecurringItems": -10.5,
        "otherOperatingExpensesTotal": 2.5,
        "period": "2025-03-31",
        "pretaxIncome": 267.4,
        "provisionforIncomeTaxes": 63.6,
        "revenue": 2141,
        "sgaExpense": 161.4,
        "totalOperatingExpense": 163.9,
        "totalOtherIncomeExpenseNet": 0
      },
      {
        "costOfGoodsSold": 1676.4,
        "dilutedAverageSharesOutstanding": 89.5,
        "dilutedEPS": 2.4536,
        "ebit": 315.7,
        "grossIncome": 469.7,
        "interestExpense": 11.7,
        "interestIncomeExpense": -11.7,
        "netIncome": 219.6,
        "netIncomeAfterTaxes": 221.1,
        "nonRecurringItems": -13.5,
        "otherOperatingExpensesTotal": 7,
        "period": "2024-12-31",
        "pretaxIncome": 291.6,
        "provisionforIncomeTaxes": 70.5,
        "revenue": 2146.1,
        "sgaExpense": 147,
        "totalOperatingExpense": 154,
        "totalOtherIncomeExpenseNet": 1.1
      },
      {
        "costOfGoodsSold": 1677.2,
        "dilutedAverageSharesOutstanding": 89.5,
        "dilutedEPS": 2.6413,
        "ebit": 338.8,
        "grossIncome": 505.2,
        "interestExpense": 9.7,
        "interestIncomeExpense": -9.7,
        "netIncome": 236.4,
        "netIncomeAfterTaxes": 238.1,
        "nonRecurringItems": -11.7,
        "otherOperatingExpensesTotal": 4.4,
        "period": "2024-09-30",
        "pretaxIncome": 318.6,
        "provisionforIncomeTaxes": 80.5,
        "revenue": 2182.4,
        "sgaExpense": 162,
        "totalOperatingExpense": 166.4,
        "totalOtherIncomeExpenseNet": 1.2
      },
      {
        "costOfGoodsSold": 1637.6,
        "dilutedAverageSharesOutstanding": 89.5,
        "dilutedEPS": 2.2067,
        "ebit": 283.5,
        "grossIncome": 437.7,
        "interestExpense": 10.4,
        "interestIncomeExpense": -10.4,
        "netIncome": 197.5,
        "netIncomeAfterTaxes": 198.9,
        "nonRecurringItems": -7.5,
        "otherOperatingExpensesTotal": 4.7,
        "period": "2024-06-30",
        "pretaxIncome": 266.7,
        "provisionforIncomeTaxes": 67.8,
        "revenue": 2075.3,
        "sgaExpense": 149.5,
        "totalOperatingExpense": 154.2,
        "totalOtherIncomeExpenseNet": 1.1
      },
      {
        "costOfGoodsSold": 1609.1,
        "dilutedAverageSharesOutstanding": 89.4,
        "dilutedEPS": 1.632,
        "ebit": 211.6,
        "grossIncome": 370.4,
        "interestExpense": 9.6,
        "interestIncomeExpense": -9.6,
        "netIncome": 145.9,
        "netIncomeAfterTaxes": 146.9,
        "nonRecurringItems": -15.6,
        "otherOperatingExpensesTotal": 6.9,
        "period": "2024-03-31",
        "pretaxIncome": 187.5,
        "provisionforIncomeTaxes": 40.6,
        "revenue": 1979.5,
        "sgaExpense": 151.9,
        "totalOperatingExpense": 158.8,
        "totalOtherIncomeExpenseNet": 1.1
      },
      {
        "costOfGoodsSold": 1527.8,
        "dilutedAverageSharesOutstanding": 89.5,
        "dilutedEPS": 2.0983,
        "ebit": 272.2,
        "grossIncome": 410.1,
        "interestExpense": 11.1,
        "interestIncomeExpense": -11.1,
        "netIncome": 187.8,
        "netIncomeAfterTaxes": 189.2,
        "nonRecurringItems": -10.7,
        "otherOperatingExpensesTotal": -4.9,
        "period": "2023-12-31",
        "pretaxIncome": 248.5,
        "provisionforIncomeTaxes": 59.3,
        "revenue": 1937.9,
        "sgaExpense": 142.8,
        "totalOperatingExpense": 137.9,
        "totalOtherIncomeExpenseNet": -1.9
      },
      {
        "costOfGoodsSold": 1523.3,
        "dilutedAverageSharesOutstanding": 89.5,
        "dilutedEPS": 2.0313,
        "ebit": 267.5,
        "grossIncome": 412.7,
        "interestExpense": 12.3,
        "interestIncomeExpense": -12.3,
        "netIncome": 181.8,
        "netIncomeAfterTaxes": 183.2,
        "nonRecurringItems": -8.9,
        "otherOperatingExpensesTotal": 1,
        "period": "2023-09-30",
        "pretaxIncome": 244.5,
        "provisionforIncomeTaxes": 61.3,
        "revenue": 1936,
        "sgaExpense": 144.2,
        "totalOperatingExpense": 145.2,
        "totalOtherIncomeExpenseNet": -1.8
      },
      {
        "costOfGoodsSold": 1507.4,
        "dilutedAverageSharesOutstanding": 89.5,
        "dilutedEPS": 2.2436,
        "ebit": 295.2,
        "grossIncome": 444.7,
        "interestExpense": 14.6,
        "interestIncomeExpense": -14.6,
        "netIncome": 200.8,
        "netIncomeAfterTaxes": 202.7,
        "nonRecurringItems": -10.8,
        "otherOperatingExpensesTotal": 3.9,
        "period": "2023-06-30",
        "pretaxIncome": 267.8,
        "provisionforIncomeTaxes": 65.1,
        "revenue": 1952.1,
        "sgaExpense": 145.6,
        "totalOperatingExpense": 149.5,
        "totalOtherIncomeExpenseNet": -2
      },
      {
        "costOfGoodsSold": 1544.9,
        "dilutedAverageSharesOutstanding": 89.4,
        "dilutedEPS": 2.1085,
        "ebit": 281.7,
        "grossIncome": 431.4,
        "interestExpense": 15.4,
        "interestIncomeExpense": -15.4,
        "netIncome": 188.5,
        "netIncomeAfterTaxes": 190.1,
        "nonRecurringItems": -11,
        "otherOperatingExpensesTotal": 1.5,
        "period": "2023-03-31",
        "pretaxIncome": 253.3,
        "provisionforIncomeTaxes": 63.2,
        "revenue": 1976.3,
        "sgaExpense": 148.2,
        "totalOperatingExpense": 149.7,
        "totalOtherIncomeExpenseNet": -2
      },
      {
        "costOfGoodsSold": 1528.1,
        "dilutedAverageSharesOutstanding": 90.9,
        "dilutedEPS": 2.3113,
        "ebit": 301,
        "grossIncome": 450.3,
        "interestExpense": 15.1,
        "interestIncomeExpense": -15.1,
        "netIncome": 210.1,
        "netIncomeAfterTaxes": 211.6,
        "nonRecurringItems": -13,
        "otherOperatingExpensesTotal": 3.6,
        "period": "2022-12-31",
        "pretaxIncome": 276.5,
        "provisionforIncomeTaxes": 64.9,
        "revenue": 1978.4,
        "sgaExpense": 145.7,
        "totalOperatingExpense": 149.3,
        "totalOtherIncomeExpenseNet": 3.6
      },
      {
        "costOfGoodsSold": 1607.5,
        "dilutedAverageSharesOutstanding": 93.2,
        "dilutedEPS": 2.7961,
        "ebit": 370.3,
        "grossIncome": 518.4,
        "interestExpense": 16.5,
        "interestIncomeExpense": -16.5,
        "netIncome": 260.6,
        "netIncomeAfterTaxes": 262.5,
        "nonRecurringItems": -10,
        "otherOperatingExpensesTotal": 2.9,
        "period": "2022-09-30",
        "pretaxIncome": 347.4,
        "provisionforIncomeTaxes": 84.9,
        "revenue": 2125.9,
        "sgaExpense": 145.2,
        "totalOperatingExpense": 148.1,
        "totalOtherIncomeExpenseNet": 3.6
      },
      {
        "costOfGoodsSold": 1648.5,
        "dilutedAverageSharesOutstanding": 93.4,
        "dilutedEPS": 3.2002,
        "ebit": 430.8,
        "grossIncome": 588.8,
        "interestExpense": 18.8,
        "interestIncomeExpense": -18.8,
        "netIncome": 298.9,
        "netIncomeAfterTaxes": 301.5,
        "nonRecurringItems": -15,
        "otherOperatingExpensesTotal": 1.3,
        "period": "2022-06-30",
        "pretaxIncome": 400.6,
        "provisionforIncomeTaxes": 99.1,
        "revenue": 2237.3,
        "sgaExpense": 156.7,
        "totalOperatingExpense": 158,
        "totalOtherIncomeExpenseNet": 3.6
      },
      {
        "costOfGoodsSold": 1603.2,
        "dilutedAverageSharesOutstanding": 93.3,
        "dilutedEPS": 2.7031,
        "ebit": 370,
        "grossIncome": 533.2,
        "interestExpense": 19.8,
        "interestIncomeExpense": -19.8,
        "netIncome": 252.2,
        "netIncomeAfterTaxes": 254.2,
        "nonRecurringItems": -13.5,
        "otherOperatingExpensesTotal": 2.1,
        "period": "2022-03-31",
        "pretaxIncome": 340.3,
        "provisionforIncomeTaxes": 86.1,
        "revenue": 2136.4,
        "sgaExpense": 161.1,
        "totalOperatingExpense": 163.2,
        "totalOtherIncomeExpenseNet": 3.6
      },
      {
        "costOfGoodsSold": 1533.3,
        "dilutedAverageSharesOutstanding": 94.2,
        "dilutedEPS": 2.2824,
        "ebit": 366.9,
        "grossIncome": 509.9,
        "interestExpense": 21.8,
        "interestIncomeExpense": -21.8,
        "netIncome": 215,
        "netIncomeAfterTaxes": 216.5,
        "nonRecurringItems": -69.6,
        "otherOperatingExpensesTotal": 1.9,
        "period": "2021-12-31",
        "pretaxIncome": 280.4,
        "provisionforIncomeTaxes": 63.9,
        "revenue": 2043.2,
        "sgaExpense": 141.1,
        "totalOperatingExpense": 143,
        "totalOtherIncomeExpenseNet": 4.9
      },
      {
        "costOfGoodsSold": 1489.4,
        "dilutedAverageSharesOutstanding": 94.7,
        "dilutedEPS": 2.6294,
        "ebit": 363.1,
        "grossIncome": 510.7,
        "interestExpense": 23.4,
        "interestIncomeExpense": -23.4,
        "netIncome": 249,
        "netIncomeAfterTaxes": 250.7,
        "nonRecurringItems": -10.8,
        "otherOperatingExpensesTotal": 3.1,
        "period": "2021-09-30",
        "pretaxIncome": 333.9,
        "provisionforIncomeTaxes": 83.2,
        "revenue": 2000.1,
        "sgaExpense": 144.5,
        "totalOperatingExpense": 147.6,
        "totalOtherIncomeExpenseNet": 5
      },
      {
        "costOfGoodsSold": 1431.1,
        "dilutedAverageSharesOutstanding": 94.6,
        "dilutedEPS": 2.1723,
        "ebit": 300.5,
        "grossIncome": 448.8,
        "interestExpense": 24.9,
        "interestIncomeExpense": -24.9,
        "netIncome": 205.5,
        "netIncomeAfterTaxes": 207.3,
        "nonRecurringItems": -5.9,
        "otherOperatingExpensesTotal": 2,
        "period": "2021-06-30",
        "pretaxIncome": 274.7,
        "provisionforIncomeTaxes": 67.4,
        "revenue": 1879.9,
        "sgaExpense": 146.3,
        "totalOperatingExpense": 148.3,
        "totalOtherIncomeExpenseNet": 5
      },
      {
        "costOfGoodsSold": 1403.5,
        "dilutedAverageSharesOutstanding": 94.6,
        "dilutedEPS": 1.75,
        "ebit": 255.6,
        "grossIncome": 403.7,
        "interestExpense": 23.5,
        "interestIncomeExpense": -23.5,
        "netIncome": 165.2,
        "netIncomeAfterTaxes": 166.5,
        "nonRecurringItems": -17.3,
        "otherOperatingExpensesTotal": 3.1,
        "period": "2021-03-31",
        "pretaxIncome": 219.6,
        "provisionforIncomeTaxes": 53.1,
        "revenue": 1807.2,
        "sgaExpense": 145,
        "totalOperatingExpense": 148.1,
        "totalOtherIncomeExpenseNet": 4.8
      },
      {
        "costOfGoodsSold": 1380.9,
        "dilutedAverageSharesOutstanding": 94.4,
        "dilutedEPS": 1.3,
        "ebit": 201.7,
        "grossIncome": 333.3,
        "interestExpense": 24.4,
        "interestIncomeExpense": -24.4,
        "netIncome": 122.7,
        "netIncomeAfterTaxes": 123.6,
        "nonRecurringItems": -12.5,
        "otherOperatingExpensesTotal": 1.3,
        "period": "2020-12-31",
        "pretaxIncome": 165.4,
        "provisionforIncomeTaxes": 41.8,
        "revenue": 1714.2,
        "sgaExpense": 130.3,
        "totalOperatingExpense": 131.6,
        "totalOtherIncomeExpenseNet": 0.6
      },
      {
        "costOfGoodsSold": 1348.3,
        "dilutedAverageSharesOutstanding": 94.5,
        "dilutedEPS": 1.46,
        "ebit": 217.9,
        "grossIncome": 345.4,
        "interestExpense": 24.4,
        "interestIncomeExpense": -24.4,
        "netIncome": 138.1,
        "netIncomeAfterTaxes": 139.1,
        "nonRecurringItems": -8.4,
        "otherOperatingExpensesTotal": 0.4,
        "period": "2020-09-30",
        "pretaxIncome": 185.7,
        "provisionforIncomeTaxes": 46.6,
        "revenue": 1693.7,
        "sgaExpense": 127.1,
        "totalOperatingExpense": 127.5,
        "totalOtherIncomeExpenseNet": 0.6
      },
      {
        "costOfGoodsSold": 1209.7,
        "dilutedAverageSharesOutstanding": 94.4,
        "dilutedEPS": 0.6,
        "ebit": 195.7,
        "grossIncome": 331.9,
        "interestExpense": 25.1,
        "interestIncomeExpense": -25.1,
        "netIncome": 56.2,
        "netIncomeAfterTaxes": 56.7,
        "nonRecurringItems": -79.6,
        "otherOperatingExpensesTotal": -0.1,
        "period": "2020-06-30",
        "pretaxIncome": 91.6,
        "provisionforIncomeTaxes": 34.9,
        "revenue": 1541.6,
        "sgaExpense": 136.3,
        "totalOperatingExpense": 136.2,
        "totalOtherIncomeExpenseNet": 0.6
      },
      {
        "costOfGoodsSold": 1342.9,
        "dilutedAverageSharesOutstanding": 94.3,
        "dilutedEPS": 1.49,
        "ebit": 216.3,
        "grossIncome": 365.8,
        "interestExpense": 19.6,
        "interestIncomeExpense": -19.6,
        "netIncome": 140.5,
        "netIncomeAfterTaxes": 141.7,
        "nonRecurringItems": -7.2,
        "otherOperatingExpensesTotal": 3.6,
        "period": "2020-03-31",
        "pretaxIncome": 190.1,
        "provisionforIncomeTaxes": 48.4,
        "revenue": 1708.7,
        "sgaExpense": 145.9,
        "totalOperatingExpense": 149.5,
        "totalOtherIncomeExpenseNet": 0.6
      },
      {
        "costOfGoodsSold": 1336.7,
        "dilutedAverageSharesOutstanding": 94.1,
        "dilutedEPS": 1.44,
        "ebit": 242.4,
        "grossIncome": 383.3,
        "interestExpense": 59.6,
        "interestIncomeExpense": -59.6,
        "netIncome": 135.2,
        "netIncomeAfterTaxes": 136.2,
        "nonRecurringItems": -7.3,
        "otherOperatingExpensesTotal": 3.9,
        "period": "2019-12-31",
        "pretaxIncome": 172.4,
        "provisionforIncomeTaxes": 36.2,
        "revenue": 1720,
        "sgaExpense": 137,
        "totalOperatingExpense": 140.9,
        "totalOtherIncomeExpenseNet": -3.1
      },
      {
        "costOfGoodsSold": 1339.3,
        "dilutedAverageSharesOutstanding": 94.3,
        "dilutedEPS": 1.89,
        "ebit": 272.3,
        "grossIncome": 411.4,
        "interestExpense": 20.3,
        "interestIncomeExpense": -20.3,
        "netIncome": 178.5,
        "netIncomeAfterTaxes": 179.8,
        "nonRecurringItems": -9.5,
        "otherOperatingExpensesTotal": 2.2,
        "period": "2019-09-30",
        "pretaxIncome": 239.3,
        "provisionforIncomeTaxes": 59.5,
        "revenue": 1750.7,
        "sgaExpense": 136.9,
        "totalOperatingExpense": 139.1,
        "totalOtherIncomeExpenseNet": -3.2
      },
      {
        "costOfGoodsSold": 1332,
        "dilutedAverageSharesOutstanding": 94,
        "dilutedEPS": 2.04,
        "ebit": 284.9,
        "grossIncome": 427.9,
        "interestExpense": 21.1,
        "interestIncomeExpense": -21.1,
        "netIncome": 192.1,
        "netIncomeAfterTaxes": 193.6,
        "nonRecurringItems": -4.5,
        "otherOperatingExpensesTotal": -0.7,
        "period": "2019-06-30",
        "pretaxIncome": 256,
        "provisionforIncomeTaxes": 62.4,
        "revenue": 1759.9,
        "sgaExpense": 143.7,
        "totalOperatingExpense": 143,
        "totalOtherIncomeExpenseNet": -3.3
      },
      {
        "costOfGoodsSold": 1312.3,
        "dilutedAverageSharesOutstanding": 94,
        "dilutedEPS": 1.97,
        "ebit": 280.1,
        "grossIncome": 421.4,
        "interestExpense": 22.8,
        "interestIncomeExpense": -22.8,
        "netIncome": 185.4,
        "netIncomeAfterTaxes": 186.8,
        "nonRecurringItems": -4.7,
        "otherOperatingExpensesTotal": 1.3,
        "period": "2019-03-31",
        "pretaxIncome": 249.3,
        "provisionforIncomeTaxes": 62.5,
        "revenue": 1733.7,
        "sgaExpense": 140,
        "totalOperatingExpense": 141.3,
        "totalOtherIncomeExpenseNet": -3.3
      },
      {
        "costOfGoodsSold": 1321.1,
        "dilutedAverageSharesOutstanding": 93.9,
        "dilutedEPS": 2.16,
        "ebit": 293,
        "grossIncome": 425.4,
        "interestExpense": 20.9,
        "interestIncomeExpense": -20.9,
        "netIncome": 203,
        "netIncomeAfterTaxes": 202.6,
        "nonRecurringItems": -6.3,
        "otherOperatingExpensesTotal": 2.7,
        "period": "2018-12-31",
        "pretaxIncome": 264.5,
        "provisionforIncomeTaxes": 61.9,
        "revenue": 1746.5,
        "sgaExpense": 129.7,
        "totalOperatingExpense": 132.4,
        "totalOtherIncomeExpenseNet": -1.3
      },
      {
        "costOfGoodsSold": 1366.7,
        "dilutedAverageSharesOutstanding": 94,
        "dilutedEPS": 2.18,
        "ebit": 309.4,
        "grossIncome": 443.2,
        "interestExpense": 23.1,
        "interestIncomeExpense": -23.1,
        "netIncome": 205.1,
        "netIncomeAfterTaxes": 206.7,
        "nonRecurringItems": -10.9,
        "otherOperatingExpensesTotal": -0.4,
        "period": "2018-09-30",
        "pretaxIncome": 274.1,
        "provisionforIncomeTaxes": 67.4,
        "revenue": 1809.9,
        "sgaExpense": 134.2,
        "totalOperatingExpense": 133.8,
        "totalOtherIncomeExpenseNet": -1.3
      },
      {
        "costOfGoodsSold": 1346.9,
        "dilutedAverageSharesOutstanding": 93.8,
        "dilutedEPS": 1.97,
        "ebit": 280.9,
        "grossIncome": 420.6,
        "interestExpense": 23,
        "interestIncomeExpense": -23,
        "netIncome": 185.2,
        "netIncomeAfterTaxes": 186.6,
        "nonRecurringItems": -11.3,
        "otherOperatingExpensesTotal": 2,
        "period": "2018-06-30",
        "pretaxIncome": 245.3,
        "provisionforIncomeTaxes": 58.7,
        "revenue": 1767.5,
        "sgaExpense": 137.7,
        "totalOperatingExpense": 139.7,
        "totalOtherIncomeExpenseNet": -1.3
      },
      {
        "costOfGoodsSold": 1334.5,
        "dilutedAverageSharesOutstanding": 93.8,
        "dilutedEPS": 1.48,
        "ebit": 218.8,
        "grossIncome": 356.1,
        "interestExpense": 25.6,
        "interestIncomeExpense": -25.6,
        "netIncome": 139,
        "netIncomeAfterTaxes": 140.1,
        "nonRecurringItems": -5.9,
        "otherOperatingExpensesTotal": 2.4,
        "period": "2018-03-31",
        "pretaxIncome": 186.6,
        "provisionforIncomeTaxes": 46.5,
        "revenue": 1690.6,
        "sgaExpense": 134.9,
        "totalOperatingExpense": 137.3,
        "totalOtherIncomeExpenseNet": -0.7
      },
      {
        "costOfGoodsSold": 1312.6,
        "dilutedAverageSharesOutstanding": 93.7,
        "dilutedEPS": 2.84,
        "ebit": 234.9,
        "grossIncome": 371.7,
        "interestExpense": 28,
        "interestIncomeExpense": -28,
        "netIncome": 266.7,
        "netIncomeAfterTaxes": 146.8,
        "nonRecurringItems": 17.1,
        "otherOperatingExpensesTotal": 3.1,
        "period": "2017-12-31",
        "pretaxIncome": 224,
        "provisionforIncomeTaxes": 77.2,
        "revenue": 1684.3,
        "sgaExpense": 133.7,
        "totalOperatingExpense": 136.8
      },
      {
        "costOfGoodsSold": 1242.8,
        "dilutedAverageSharesOutstanding": 93.8,
        "dilutedEPS": 1.47,
        "ebit": 267.7,
        "grossIncome": 397.3,
        "interestExpense": 25.4,
        "interestIncomeExpense": -25.4,
        "netIncome": 138,
        "netIncomeAfterTaxes": 139.1,
        "nonRecurringItems": -25.4,
        "otherOperatingExpensesTotal": -0.6,
        "period": "2017-09-30",
        "pretaxIncome": 216.9,
        "provisionforIncomeTaxes": 77.8,
        "revenue": 1640.1,
        "sgaExpense": 130.2,
        "totalOperatingExpense": 129.6
      },
      {
        "costOfGoodsSold": 1219.4,
        "dilutedAverageSharesOutstanding": 93.6,
        "dilutedEPS": 1.52,
        "ebit": 234.2,
        "grossIncome": 364.6,
        "interestExpense": 25.2,
        "interestIncomeExpense": -25.2,
        "netIncome": 142,
        "netIncomeAfterTaxes": 143.2,
        "nonRecurringItems": -0.4,
        "otherOperatingExpensesTotal": 0.2,
        "period": "2017-06-30",
        "pretaxIncome": 208.6,
        "provisionforIncomeTaxes": 65.4,
        "revenue": 1584,
        "sgaExpense": 130.2,
        "totalOperatingExpense": 130.4
      },
      {
        "costOfGoodsSold": 1198,
        "dilutedAverageSharesOutstanding": 93.6,
        "dilutedEPS": 1.24,
        "ebit": 208.9,
        "grossIncome": 338.5,
        "interestExpense": 24,
        "interestIncomeExpense": -24,
        "netIncome": 116.4,
        "netIncomeAfterTaxes": 117.4,
        "nonRecurringItems": -5.8,
        "otherOperatingExpensesTotal": 1.2,
        "period": "2017-03-31",
        "pretaxIncome": 179.1,
        "provisionforIncomeTaxes": 61.7,
        "revenue": 1536.5,
        "sgaExpense": 128.4,
        "totalOperatingExpense": 129.6
      },
      {
        "costOfGoodsSold": 1149.5,
        "dilutedAverageSharesOutstanding": 93.7,
        "dilutedEPS": 1.17,
        "ebit": 207.3,
        "grossIncome": 327.1,
        "interestExpense": 24.3,
        "interestIncomeExpense": -24.3,
        "netIncome": 109.7,
        "netIncomeAfterTaxes": 110.7,
        "nonRecurringItems": -14.4,
        "otherOperatingExpensesTotal": -5.3,
        "period": "2016-12-31",
        "pretaxIncome": 168.6,
        "provisionforIncomeTaxes": 57.9,
        "revenue": 1476.6,
        "sgaExpense": 125.1,
        "totalOperatingExpense": 119.8
      },
      {
        "costOfGoodsSold": 1154.5,
        "dilutedAverageSharesOutstanding": 93.6,
        "dilutedEPS": 1.26,
        "ebit": 210.6,
        "grossIncome": 329.5,
        "interestIncomeExpense": -23.4,
        "netIncome": 118.2,
        "netIncomeAfterTaxes": 119.3,
        "nonRecurringItems": -4.2,
        "otherOperatingExpensesTotal": 2,
        "period": "2016-09-30",
        "pretaxIncome": 183,
        "provisionforIncomeTaxes": 63.7,
        "revenue": 1484,
        "sgaExpense": 116.9,
        "totalOperatingExpense": 118.9
      },
      {
        "costOfGoodsSold": 1097.3,
        "dilutedAverageSharesOutstanding": 93.3,
        "dilutedEPS": 1.23,
        "ebit": 203.9,
        "grossIncome": 320.1,
        "interestIncomeExpense": -22.5,
        "netIncome": 114.7,
        "netIncomeAfterTaxes": 115.9,
        "nonRecurringItems": -3.7,
        "otherOperatingExpensesTotal": 1.4,
        "period": "2016-06-30",
        "pretaxIncome": 177.7,
        "provisionforIncomeTaxes": 61.8,
        "revenue": 1417.4,
        "sgaExpense": 114.8,
        "totalOperatingExpense": 116.2
      },
      {
        "costOfGoodsSold": 1102.4,
        "dilutedAverageSharesOutstanding": 94.2,
        "dilutedEPS": 1.09,
        "ebit": 184.6,
        "grossIncome": 298.6,
        "interestIncomeExpense": -21.6,
        "netIncome": 102.6,
        "netIncomeAfterTaxes": 103.7,
        "nonRecurringItems": -3.8,
        "otherOperatingExpensesTotal": 0.1,
        "period": "2016-03-31",
        "pretaxIncome": 159.2,
        "provisionforIncomeTaxes": 55.5,
        "revenue": 1401,
        "sgaExpense": 113.9,
        "totalOperatingExpense": 114
      },
      {
        "costOfGoodsSold": 1105.8,
        "dilutedAverageSharesOutstanding": 96.1,
        "dilutedEPS": 1.07,
        "ebit": 180.6,
        "grossIncome": 285.1,
        "interestIncomeExpense": -22.3,
        "netIncome": 103,
        "netIncomeAfterTaxes": 104.2,
        "nonRecurringItems": -4.7,
        "otherOperatingExpensesTotal": -0.9,
        "period": "2015-12-31",
        "pretaxIncome": 153.6,
        "provisionforIncomeTaxes": 49.4,
        "revenue": 1390.9,
        "sgaExpense": 105.4,
        "totalOperatingExpense": 104.5
      },
      {
        "costOfGoodsSold": 1142.5,
        "dilutedAverageSharesOutstanding": 96.6,
        "dilutedEPS": 1.31,
        "ebit": 216.3,
        "grossIncome": 328.3,
        "interestIncomeExpense": -21.7,
        "netIncome": 126.3,
        "netIncomeAfterTaxes": 127.8,
        "nonRecurringItems": 3.1,
        "otherOperatingExpensesTotal": -0.7,
        "period": "2015-09-30",
        "pretaxIncome": 197.7,
        "provisionforIncomeTaxes": 69.9,
        "revenue": 1470.8,
        "sgaExpense": 112.7,
        "totalOperatingExpense": 112
      }
    ],
    "symbol": "PKG"
  }
}