{
  "symbol": "DE",
  "statement": "ic",
  "frequency": "quarterly",
  "timestamp": "2025-09-19T13:59:00.254073",
  "data": {
    "financials": [
      {
        "costOfGoodsSold": 7570,
        "dilutedAverageSharesOutstanding": 271.4,
        "dilutedEPS": 4.7495,
        "ebit": 2394,
        "equityEarningsAffiliates": 10,
        "grossIncome": 4448,
        "interestExpense": 794,
        "interestIncomeExpense": -794,
        "minorityInterest": 18,
        "netIncome": 1289,
        "netIncomeAfterTaxes": 1261,
        "otherOperatingExpensesTotal": 281,
        "period": "2025-07-27",
        "pretaxIncome": 1600,
        "provisionforIncomeTaxes": 339,
        "researchDevelopment": 556,
        "revenue": 12018,
        "sgaExpense": 1217,
        "totalOperatingExpense": 2054
      },
      {
        "costOfGoodsSold": 7609,
        "dilutedAverageSharesOutstanding": 271.8,
        "dilutedEPS": 6.6372,
        "ebit": 3121,
        "equityEarningsAffiliates": 3,
        "grossIncome": 5154,
        "interestExpense": 784,
        "interestIncomeExpense": -784,
        "minorityInterest": 3,
        "netIncome": 1804,
        "netIncomeAfterTaxes": 1798,
        "nonRecurringItems": 0,
        "otherOperatingExpensesTotal": 287,
        "period": "2025-04-27",
        "pretaxIncome": 2337,
        "provisionforIncomeTaxes": 539,
        "researchDevelopment": 549,
        "revenue": 12763,
        "sgaExpense": 1197,
        "totalOperatingExpense": 2033
      },
      {
        "costOfGoodsSold": 5037,
        "dilutedAverageSharesOutstanding": 272.3,
        "dilutedEPS": 3.1913,
        "ebit": 1724,
        "equityEarningsAffiliates": -1,
        "grossIncome": 3471,
        "interestExpense": 829,
        "interestIncomeExpense": -829,
        "minorityInterest": 2,
        "netIncome": 869,
        "netIncomeAfterTaxes": 868,
        "otherOperatingExpensesTotal": 249,
        "period": "2025-01-26",
        "pretaxIncome": 895,
        "provisionforIncomeTaxes": 27,
        "researchDevelopment": 526,
        "revenue": 8508,
        "sgaExpense": 972,
        "totalOperatingExpense": 1747
      },
      {
        "costOfGoodsSold": 6571,
        "dilutedAverageSharesOutstanding": 273.6,
        "dilutedEPS": 4.55,
        "ebit": 2388,
        "equityEarningsAffiliates": -28,
        "grossIncome": 4572,
        "interestExpense": 870,
        "interestIncomeExpense": -870,
        "minorityInterest": 3,
        "netIncome": 1245,
        "netIncomeAfterTaxes": 1270,
        "otherOperatingExpensesTotal": 326,
        "period": "2024-10-27",
        "pretaxIncome": 1518,
        "provisionforIncomeTaxes": 248,
        "researchDevelopment": 626,
        "revenue": 11143,
        "sgaExpense": 1232,
        "totalOperatingExpense": 2184
      },
      {
        "costOfGoodsSold": 7848,
        "dilutedAverageSharesOutstanding": 275.6,
        "dilutedEPS": 6.29,
        "ebit": 3195,
        "equityEarningsAffiliates": 1,
        "grossIncome": 5304,
        "interestExpense": 840,
        "interestIncomeExpense": -840,
        "minorityInterest": 3,
        "netIncome": 1734,
        "netIncomeAfterTaxes": 1730,
        "otherOperatingExpensesTotal": 264,
        "period": "2024-07-28",
        "pretaxIncome": 2355,
        "provisionforIncomeTaxes": 625,
        "researchDevelopment": 567,
        "revenue": 13152,
        "sgaExpense": 1278,
        "totalOperatingExpense": 2109
      },
      {
        "costOfGoodsSold": 9157,
        "dilutedAverageSharesOutstanding": 277.9,
        "dilutedEPS": 8.53,
        "ebit": 3953,
        "equityEarningsAffiliates": 2,
        "grossIncome": 6078,
        "interestExpense": 836,
        "interestIncomeExpense": -836,
        "minorityInterest": 2,
        "netIncome": 2370,
        "netIncomeAfterTaxes": 2366,
        "otherOperatingExpensesTotal": 295,
        "period": "2024-04-28",
        "pretaxIncome": 3117,
        "provisionforIncomeTaxes": 751,
        "researchDevelopment": 565,
        "revenue": 15235,
        "sgaExpense": 1265,
        "totalOperatingExpense": 2125
      },
      {
        "costOfGoodsSold": 7200,
        "dilutedAverageSharesOutstanding": 281.1,
        "dilutedEPS": 6.23,
        "ebit": 3017,
        "equityEarningsAffiliates": 2,
        "grossIncome": 4985,
        "interestExpense": 802,
        "interestIncomeExpense": -802,
        "minorityInterest": 3,
        "netIncome": 1751,
        "netIncomeAfterTaxes": 1746,
        "otherOperatingExpensesTotal": 369,
        "period": "2024-01-28",
        "pretaxIncome": 2215,
        "provisionforIncomeTaxes": 469,
        "researchDevelopment": 533,
        "revenue": 12185,
        "sgaExpense": 1066,
        "totalOperatingExpense": 1968
      },
      {
        "costOfGoodsSold": 9427,
        "dilutedAverageSharesOutstanding": 286.7,
        "dilutedEPS": 8.26,
        "ebit": 3855,
        "equityEarningsAffiliates": 2,
        "grossIncome": 5985,
        "interestExpense": 782,
        "interestIncomeExpense": -782,
        "minorityInterest": 1,
        "netIncome": 2369,
        "netIncomeAfterTaxes": 2366,
        "otherOperatingExpensesTotal": 321,
        "period": "2023-10-29",
        "pretaxIncome": 3073,
        "provisionforIncomeTaxes": 707,
        "researchDevelopment": 606,
        "revenue": 15412,
        "sgaExpense": 1203,
        "totalOperatingExpense": 2130
      },
      {
        "costOfGoodsSold": 9624,
        "dilutedAverageSharesOutstanding": 292.1,
        "dilutedEPS": 10.2,
        "ebit": 4229,
        "equityEarningsAffiliates": 2,
        "grossIncome": 6177,
        "interestExpense": 623,
        "interestIncomeExpense": -623,
        "minorityInterest": 6,
        "netIncome": 2978,
        "netIncomeAfterTaxes": 2970,
        "otherOperatingExpensesTotal": 310,
        "period": "2023-07-30",
        "pretaxIncome": 3606,
        "provisionforIncomeTaxes": 636,
        "researchDevelopment": 528,
        "revenue": 15801,
        "sgaExpense": 1110,
        "totalOperatingExpense": 1948
      },
      {
        "costOfGoodsSold": 10730,
        "dilutedAverageSharesOutstanding": 296.5,
        "dilutedEPS": 9.65,
        "ebit": 4417,
        "equityEarningsAffiliates": 2,
        "grossIncome": 6657,
        "interestExpense": 569,
        "interestIncomeExpense": -569,
        "minorityInterest": 1,
        "netIncome": 2860,
        "netIncomeAfterTaxes": 2857,
        "otherOperatingExpensesTotal": 363,
        "period": "2023-04-30",
        "pretaxIncome": 3848,
        "provisionforIncomeTaxes": 991,
        "researchDevelopment": 547,
        "revenue": 17387,
        "sgaExpense": 1330,
        "totalOperatingExpense": 2240
      },
      {
        "costOfGoodsSold": 7844,
        "dilutedAverageSharesOutstanding": 299.1,
        "dilutedEPS": 6.55,
        "ebit": 3062,
        "equityEarningsAffiliates": 1,
        "grossIncome": 4808,
        "interestExpense": 479,
        "interestIncomeExpense": -479,
        "minorityInterest": 2,
        "netIncome": 1959,
        "netIncomeAfterTaxes": 1956,
        "nonRecurringItems": -90,
        "otherOperatingExpensesTotal": 299,
        "period": "2023-01-29",
        "pretaxIncome": 2493,
        "provisionforIncomeTaxes": 537,
        "researchDevelopment": 495,
        "revenue": 12652,
        "sgaExpense": 952,
        "totalOperatingExpense": 1746
      },
      {
        "costOfGoodsSold": 10205,
        "dilutedAverageSharesOutstanding": 302.1,
        "dilutedEPS": 7.43,
        "ebit": 3246,
        "equityEarningsAffiliates": 2,
        "grossIncome": 5331,
        "interestExpense": 349,
        "interestIncomeExpense": -349,
        "minorityInterest": 2,
        "netIncome": 2246,
        "netIncomeAfterTaxes": 2242,
        "nonRecurringItems": -12,
        "otherOperatingExpensesTotal": 321,
        "period": "2022-10-30",
        "pretaxIncome": 2885,
        "provisionforIncomeTaxes": 643,
        "researchDevelopment": 576,
        "revenue": 15536,
        "sgaExpense": 1188,
        "totalOperatingExpense": 2085
      },
      {
        "costOfGoodsSold": 9506,
        "dilutedAverageSharesOutstanding": 305.7,
        "dilutedEPS": 6.16,
        "ebit": 2836,
        "equityEarningsAffiliates": 0,
        "grossIncome": 4596,
        "interestExpense": 296,
        "interestIncomeExpense": -296,
        "minorityInterest": -1,
        "netIncome": 1884,
        "netIncomeAfterTaxes": 1885,
        "nonRecurringItems": -1,
        "otherOperatingExpensesTotal": 328,
        "period": "2022-07-31",
        "pretaxIncome": 2539,
        "provisionforIncomeTaxes": 654,
        "researchDevelopment": 481,
        "revenue": 14102,
        "sgaExpense": 951,
        "totalOperatingExpense": 1760
      },
      {
        "costOfGoodsSold": 8841,
        "dilutedAverageSharesOutstanding": 308.1,
        "dilutedEPS": 6.81,
        "ebit": 2507,
        "equityEarningsAffiliates": 6,
        "grossIncome": 4203,
        "interestExpense": 187,
        "interestIncomeExpense": 139,
        "minorityInterest": 1,
        "netIncome": 2098,
        "netIncomeAfterTaxes": 2091,
        "nonRecurringItems": -94,
        "otherOperatingExpensesTotal": 311,
        "period": "2022-05-01",
        "pretaxIncome": 2552,
        "provisionforIncomeTaxes": 461,
        "researchDevelopment": 453,
        "revenue": 13044,
        "sgaExpense": 932,
        "totalOperatingExpense": 1696
      },
      {
        "costOfGoodsSold": 6605,
        "dilutedAverageSharesOutstanding": 309.4,
        "dilutedEPS": 2.92,
        "ebit": 1470,
        "equityEarningsAffiliates": 3,
        "grossIncome": 2964,
        "interestExpense": 229,
        "interestIncomeExpense": -229,
        "minorityInterest": -1,
        "netIncome": 903,
        "netIncomeAfterTaxes": 901,
        "nonRecurringItems": -90,
        "otherOperatingExpensesTotal": 311,
        "period": "2022-01-30",
        "pretaxIncome": 1151,
        "provisionforIncomeTaxes": 250,
        "researchDevelopment": 402,
        "revenue": 9569,
        "sgaExpense": 781,
        "totalOperatingExpense": 1494
      },
      {
        "costOfGoodsSold": 7809,
        "dilutedAverageSharesOutstanding": 311.3,
        "dilutedEPS": 4.12,
        "ebit": 1823,
        "equityEarningsAffiliates": 0,
        "gainLossOnDispositionOfAssets": 0,
        "grossIncome": 3518,
        "interestExpense": 210,
        "interestIncomeExpense": -210,
        "minorityInterest": 0,
        "netIncome": 1283,
        "netIncomeAfterTaxes": 1283,
        "nonRecurringItems": 0,
        "otherOperatingExpensesTotal": 310,
        "period": "2021-10-31",
        "pretaxIncome": 1613,
        "provisionforIncomeTaxes": 330,
        "researchDevelopment": 450,
        "revenue": 11327,
        "sgaExpense": 935,
        "totalOperatingExpense": 1695
      },
      {
        "costOfGoodsSold": 7574,
        "dilutedAverageSharesOutstanding": 313.4,
        "dilutedEPS": 5.32,
        "ebit": 2367,
        "equityEarningsAffiliates": 8,
        "gainLossOnDispositionOfAssets": 27,
        "grossIncome": 3926,
        "interestExpense": 244,
        "interestIncomeExpense": -244,
        "minorityInterest": 0,
        "netIncome": 1667,
        "netIncomeAfterTaxes": 1659,
        "otherOperatingExpensesTotal": 324,
        "period": "2021-08-01",
        "pretaxIncome": 2150,
        "provisionforIncomeTaxes": 491,
        "researchDevelopment": 394,
        "revenue": 11500,
        "sgaExpense": 841,
        "totalOperatingExpense": 1559
      },
      {
        "costOfGoodsSold": 7928,
        "dilutedAverageSharesOutstanding": 315.2,
        "dilutedEPS": 5.68,
        "ebit": 2580,
        "equityEarningsAffiliates": 8,
        "grossIncome": 4130,
        "interestExpense": 268,
        "interestIncomeExpense": -268,
        "minorityInterest": 0,
        "netIncome": 1790,
        "netIncomeAfterTaxes": 1782,
        "otherOperatingExpensesTotal": 335,
        "period": "2021-05-02",
        "pretaxIncome": 2312,
        "provisionforIncomeTaxes": 530,
        "researchDevelopment": 377,
        "revenue": 12058,
        "sgaExpense": 838,
        "totalOperatingExpense": 1550
      },
      {
        "costOfGoodsSold": 5813,
        "dilutedAverageSharesOutstanding": 316.1,
        "dilutedEPS": 3.87,
        "ebit": 1791,
        "equityEarningsAffiliates": 4,
        "grossIncome": 3299,
        "interestExpense": 271,
        "interestIncomeExpense": -271,
        "minorityInterest": 0,
        "netIncome": 1224,
        "netIncomeAfterTaxes": 1220,
        "nonRecurringItems": 8,
        "otherOperatingExpensesTotal": 373,
        "period": "2021-01-31",
        "pretaxIncome": 1528,
        "provisionforIncomeTaxes": 308,
        "researchDevelopment": 366,
        "revenue": 9112,
        "sgaExpense": 769,
        "totalOperatingExpense": 1508
      },
      {
        "costOfGoodsSold": 6401,
        "dilutedAverageSharesOutstanding": 317.2,
        "dilutedEPS": 2.39,
        "ebit": 1719,
        "equityEarningsAffiliates": -28,
        "gainLossOnDispositionOfAssets": -24,
        "grossIncome": 3330,
        "interestExpense": 278,
        "interestIncomeExpense": -278,
        "minorityInterest": 0,
        "netIncome": 758,
        "netIncomeAfterTaxes": 786,
        "nonRecurringItems": -301,
        "otherOperatingExpensesTotal": 274,
        "period": "2020-11-01",
        "pretaxIncome": 1116,
        "provisionforIncomeTaxes": 330,
        "researchDevelopment": 406,
        "revenue": 9731,
        "sgaExpense": 931,
        "totalOperatingExpense": 1611
      },
      {
        "costOfGoodsSold": 5821,
        "dilutedAverageSharesOutstanding": 315.8,
        "dilutedEPS": 2.57,
        "ebit": 1601,
        "equityEarningsAffiliates": -2,
        "grossIncome": 3104,
        "interestExpense": 290,
        "interestIncomeExpense": -290,
        "minorityInterest": 0,
        "netIncome": 811,
        "netIncomeAfterTaxes": 813,
        "nonRecurringItems": -41,
        "otherOperatingExpensesTotal": 382,
        "period": "2020-08-02",
        "pretaxIncome": 1270,
        "provisionforIncomeTaxes": 457,
        "researchDevelopment": 370,
        "revenue": 8925,
        "sgaExpense": 751,
        "totalOperatingExpense": 1503
      },
      {
        "costOfGoodsSold": 6312,
        "dilutedAverageSharesOutstanding": 316.2,
        "dilutedEPS": 2.11,
        "ebit": 1136,
        "equityEarningsAffiliates": -17,
        "grossIncome": 2961,
        "interestExpense": 758,
        "interestIncomeExpense": -106,
        "minorityInterest": 0,
        "netIncome": 666,
        "netIncomeAfterTaxes": 683,
        "nonRecurringItems": -102,
        "otherOperatingExpensesTotal": 520,
        "period": "2020-05-03",
        "pretaxIncome": 928,
        "provisionforIncomeTaxes": 245,
        "researchDevelopment": 403,
        "revenue": 9273,
        "sgaExpense": 902,
        "totalOperatingExpense": 1825
      },
      {
        "costOfGoodsSold": 5049,
        "dilutedAverageSharesOutstanding": 317.2,
        "dilutedEPS": 1.63,
        "ebit": 1025,
        "equityEarningsAffiliates": -1,
        "grossIncome": 2586,
        "interestExpense": 434,
        "interestIncomeExpense": -330,
        "minorityInterest": -1,
        "netIncome": 517,
        "netIncomeAfterTaxes": 519,
        "nonRecurringItems": -126,
        "otherOperatingExpensesTotal": 393,
        "period": "2020-02-02",
        "pretaxIncome": 569,
        "provisionforIncomeTaxes": 50,
        "researchDevelopment": 410,
        "revenue": 7635,
        "sgaExpense": 758,
        "totalOperatingExpense": 1561
      },
      {
        "costOfGoodsSold": 6719,
        "dilutedAverageSharesOutstanding": 317.9,
        "dilutedEPS": 2.26,
        "ebit": 1298,
        "equityEarningsAffiliates": 1,
        "grossIncome": 3177,
        "interestExpense": -7,
        "interestIncomeExpense": -396,
        "minorityInterest": -1,
        "netIncome": 721,
        "netIncomeAfterTaxes": 680,
        "nonRecurringItems": -77,
        "otherOperatingExpensesTotal": 447,
        "period": "2019-11-03",
        "pretaxIncome": 825,
        "provisionforIncomeTaxes": 145,
        "researchDevelopment": 488,
        "revenue": 9896,
        "sgaExpense": 944,
        "totalOperatingExpense": 1879
      },
      {
        "costOfGoodsSold": 6862,
        "dilutedAverageSharesOutstanding": 319.8,
        "dilutedEPS": 2.81,
        "ebit": 1513,
        "equityEarningsAffiliates": 7,
        "grossIncome": 3180,
        "interestExpense": 560,
        "interestIncomeExpense": -400,
        "netIncome": 899,
        "netIncomeAfterTaxes": 865,
        "otherOperatingExpensesTotal": 340,
        "period": "2019-07-28",
        "pretaxIncome": 1113,
        "provisionforIncomeTaxes": 248,
        "researchDevelopment": 431,
        "revenue": 10042,
        "sgaExpense": 896,
        "totalOperatingExpense": 1667
      },
      {
        "costOfGoodsSold": 7766.7,
        "dilutedAverageSharesOutstanding": 322.2,
        "dilutedEPS": 3.52,
        "ebit": 1739.2,
        "equityEarningsAffiliates": 6.4,
        "grossIncome": 3582.7,
        "interestExpense": 481.8,
        "interestIncomeExpense": -265.8,
        "minorityInterest": -1.4,
        "netIncome": 1134.9,
        "netIncomeAfterTaxes": 1129.9,
        "otherOperatingExpensesTotal": 439.5,
        "period": "2019-04-28",
        "pretaxIncome": 1473.4,
        "provisionforIncomeTaxes": 343.5,
        "researchDevelopment": 457.1,
        "revenue": 11349.4,
        "sgaExpense": 946.9,
        "totalOperatingExpense": 1843.5
      },
      {
        "costOfGoodsSold": 5426.6,
        "dilutedAverageSharesOutstanding": 322.7,
        "dilutedEPS": 1.54,
        "ebit": 1025.2,
        "equityEarningsAffiliates": 6.5,
        "grossIncome": 2567,
        "interestExpense": 478,
        "interestIncomeExpense": -348,
        "minorityInterest": -1.1,
        "netIncome": 498.4,
        "netIncomeAfterTaxes": 493.1,
        "otherOperatingExpensesTotal": 371.3,
        "period": "2019-01-27",
        "pretaxIncome": 677.2,
        "provisionforIncomeTaxes": 184.1,
        "researchDevelopment": 406.8,
        "revenue": 7993.6,
        "sgaExpense": 763.7,
        "totalOperatingExpense": 1541.8
      },
      {
        "costOfGoodsSold": 6378.7,
        "dilutedAverageSharesOutstanding": 324.6,
        "dilutedEPS": 2.41,
        "ebit": 1200.5,
        "equityEarningsAffiliates": 9,
        "grossIncome": 3037.2,
        "interestExpense": 300.6,
        "interestIncomeExpense": -221.6,
        "minorityInterest": 0.4,
        "netIncome": 784.7,
        "netIncomeAfterTaxes": 738.4,
        "otherOperatingExpensesTotal": 468.3,
        "period": "2018-10-28",
        "pretaxIncome": 978.9,
        "provisionforIncomeTaxes": 240.5,
        "researchDevelopment": 469.9,
        "revenue": 9415.9,
        "sgaExpense": 898.5,
        "totalOperatingExpense": 1836.7
      },
      {
        "costOfGoodsSold": 7142.7,
        "dilutedAverageSharesOutstanding": 328,
        "dilutedEPS": 2.77,
        "ebit": 1347.2,
        "equityEarningsAffiliates": 9.9,
        "grossIncome": 3165.6,
        "interestExpense": 278.1,
        "interestIncomeExpense": -157.1,
        "minorityInterest": -1,
        "netIncome": 910.2,
        "netIncomeAfterTaxes": 839.4,
        "otherOperatingExpensesTotal": 490,
        "period": "2018-07-29",
        "pretaxIncome": 1190.1,
        "provisionforIncomeTaxes": 350.7,
        "researchDevelopment": 415.7,
        "revenue": 10308.3,
        "sgaExpense": 912.7,
        "totalOperatingExpense": 1818.4
      },
      {
        "costOfGoodsSold": 7369.3,
        "dilutedAverageSharesOutstanding": 329.2,
        "dilutedEPS": 3.66,
        "ebit": 1487.4,
        "equityEarningsAffiliates": 3.1,
        "grossIncome": 3350.7,
        "interestExpense": 180.7,
        "interestIncomeExpense": -103.7,
        "minorityInterest": -1.4,
        "netIncome": 1208.1,
        "netIncomeAfterTaxes": 1032.6,
        "otherOperatingExpensesTotal": 508.9,
        "period": "2018-04-29",
        "pretaxIncome": 1383.7,
        "provisionforIncomeTaxes": 351.1,
        "researchDevelopment": 415.2,
        "revenue": 10720,
        "sgaExpense": 939.2,
        "totalOperatingExpense": 1863.3
      },
      {
        "costOfGoodsSold": 4656.5,
        "dilutedAverageSharesOutstanding": 322.8,
        "dilutedEPS": -1.65,
        "ebit": 1068.2,
        "equityEarningsAffiliates": 4.9,
        "grossIncome": 2257,
        "interestExpense": 155.3,
        "interestIncomeExpense": -550.3,
        "minorityInterest": -0.4,
        "netIncome": -535.1,
        "netIncomeAfterTaxes": 437.6,
        "otherOperatingExpensesTotal": 127,
        "period": "2018-01-28",
        "pretaxIncome": 517.9,
        "provisionforIncomeTaxes": 80.3,
        "researchDevelopment": 356.8,
        "revenue": 6913.5,
        "sgaExpense": 705,
        "totalOperatingExpense": 1188.8
      },
      {
        "costOfGoodsSold": 5456,
        "dilutedAverageSharesOutstanding": 325.7,
        "dilutedEPS": 1.57,
        "ebit": 886.8,
        "equityEarningsAffiliates": -33.5,
        "grossIncome": 2561.7,
        "interestExpense": 181.2,
        "interestIncomeExpense": -120.2,
        "minorityInterest": -0.4,
        "netIncome": 510.1,
        "netIncomeAfterTaxes": 544.2,
        "otherOperatingExpensesTotal": 437.1,
        "period": "2017-10-29",
        "pretaxIncome": 766.6,
        "provisionforIncomeTaxes": 222.4,
        "researchDevelopment": 397,
        "revenue": 8017.7,
        "sgaExpense": 840.8,
        "totalOperatingExpense": 1674.9
      },
      {
        "costOfGoodsSold": 5236.1,
        "dilutedAverageSharesOutstanding": 325.1,
        "dilutedEPS": 1.97,
        "ebit": 1327.2,
        "equityEarningsAffiliates": 5.6,
        "grossIncome": 2571.7,
        "interestExpense": 247.3,
        "interestIncomeExpense": -437.3,
        "minorityInterest": 0.5,
        "netIncome": 641.6,
        "netIncomeAfterTaxes": 636.7,
        "otherOperatingExpensesTotal": 117.9,
        "period": "2017-07-30",
        "pretaxIncome": 889.9,
        "provisionforIncomeTaxes": 253.2,
        "researchDevelopment": 335.4,
        "revenue": 7807.8,
        "sgaExpense": 791.2,
        "totalOperatingExpense": 1244.5
      },
      {
        "costOfGoodsSold": 5455.7,
        "dilutedAverageSharesOutstanding": 323,
        "dilutedEPS": 2.5,
        "ebit": 1353.2,
        "equityEarningsAffiliates": 4.8,
        "grossIncome": 2831.3,
        "interestExpense": 276.9,
        "interestIncomeExpense": -183.9,
        "minorityInterest": 0.2,
        "netIncome": 808.3,
        "netIncomeAfterTaxes": 803.5,
        "otherOperatingExpensesTotal": 369.1,
        "period": "2017-04-30",
        "pretaxIncome": 1169.3,
        "provisionforIncomeTaxes": 365.8,
        "researchDevelopment": 325.4,
        "revenue": 8287,
        "sgaExpense": 783.6,
        "totalOperatingExpense": 1478.1
      },
      {
        "costOfGoodsSold": 3741.5,
        "dilutedAverageSharesOutstanding": 319.7,
        "dilutedEPS": 0.62,
        "ebit": 604.1,
        "equityEarningsAffiliates": -0.4,
        "grossIncome": 1883.7,
        "interestExpense": 4.1,
        "interestIncomeExpense": -276.1,
        "minorityInterest": 0.6,
        "netIncome": 198.9,
        "netIncomeAfterTaxes": 198.8,
        "otherOperatingExpensesTotal": 300.2,
        "period": "2017-01-29",
        "pretaxIncome": 328,
        "provisionforIncomeTaxes": 129.2,
        "researchDevelopment": 312.1,
        "revenue": 5625.2,
        "sgaExpense": 667.3,
        "totalOperatingExpense": 1279.6
      },
      {
        "costOfGoodsSold": 4379.6,
        "dilutedAverageSharesOutstanding": 316.3,
        "dilutedEPS": 0.9,
        "ebit": 599.2,
        "equityEarningsAffiliates": -9.7,
        "grossIncome": 2140,
        "interestExpense": 87.8,
        "interestIncomeExpense": -164.8,
        "minorityInterest": 0.8,
        "netIncome": 285.2,
        "netIncomeAfterTaxes": 294.2,
        "otherOperatingExpensesTotal": 407.9,
        "period": "2016-10-31",
        "pretaxIncome": 434.4,
        "provisionforIncomeTaxes": 140.2,
        "researchDevelopment": 386,
        "revenue": 6519.6,
        "sgaExpense": 746.9,
        "totalOperatingExpense": 1540.8
      },
      {
        "costOfGoodsSold": 4512.2,
        "dilutedAverageSharesOutstanding": 315.7,
        "dilutedEPS": 1.55,
        "ebit": 790.8,
        "equityEarningsAffiliates": 10,
        "grossIncome": 2212.2,
        "interestExpense": 315.7,
        "interestIncomeExpense": -85.7,
        "minorityInterest": 0.2,
        "netIncome": 488.5,
        "netIncomeAfterTaxes": 478.6,
        "otherOperatingExpensesTotal": 373.6,
        "period": "2016-07-31",
        "pretaxIncome": 705.1,
        "provisionforIncomeTaxes": 226.5,
        "researchDevelopment": 338.8,
        "revenue": 6724.4,
        "sgaExpense": 709,
        "totalOperatingExpense": 1421.4
      },
      {
        "costOfGoodsSold": 5469,
        "dilutedAverageSharesOutstanding": 316.5,
        "dilutedEPS": 1.56,
        "ebit": 1172.3,
        "equityEarningsAffiliates": -0.8,
        "grossIncome": 2406.4,
        "interestExpense": 225,
        "interestIncomeExpense": -439,
        "minorityInterest": 0.7,
        "netIncome": 495.2,
        "netIncomeAfterTaxes": 495.5,
        "otherOperatingExpensesTotal": 174.3,
        "period": "2016-04-30",
        "pretaxIncome": 733.3,
        "provisionforIncomeTaxes": 237.8,
        "researchDevelopment": 345,
        "revenue": 7875.4,
        "sgaExpense": 714.8,
        "totalOperatingExpense": 1234.1
      },
      {
        "costOfGoodsSold": 3873.1,
        "dilutedAverageSharesOutstanding": 317.6,
        "dilutedEPS": 0.8,
        "ebit": 366.4,
        "equityEarningsAffiliates": -1.9,
        "grossIncome": 1651.4,
        "interestExpense": 285.2,
        "interestIncomeExpense": -15.2,
        "minorityInterest": 0.6,
        "netIncome": 254.3,
        "netIncomeAfterTaxes": 255.7,
        "otherOperatingExpensesTotal": 372.8,
        "period": "2016-01-31",
        "pretaxIncome": 351.2,
        "provisionforIncomeTaxes": 95.5,
        "researchDevelopment": 319.3,
        "revenue": 5524.5,
        "sgaExpense": 592.9,
        "totalOperatingExpense": 1285
      },
      {
        "costOfGoodsSold": 4698.4,
        "dilutedAverageSharesOutstanding": 324.3,
        "dilutedEPS": 1.08,
        "ebit": 568.8,
        "equityEarningsAffiliates": -0.9,
        "grossIncome": 2016.9,
        "interestExpense": 265.9,
        "interestIncomeExpense": -111.9,
        "minorityInterest": -0.3,
        "netIncome": 351,
        "netIncomeAfterTaxes": 352.4,
        "otherOperatingExpensesTotal": 325,
        "period": "2015-10-31",
        "pretaxIncome": 456.9,
        "provisionforIncomeTaxes": 104.5,
        "researchDevelopment": 404,
        "revenue": 6715.3,
        "sgaExpense": 719.1,
        "totalOperatingExpense": 1448.1
      }
    ],
    "symbol": "DE"
  }
}