{
  "symbol": "BLDR",
  "statement": "ic",
  "frequency": "quarterly",
  "timestamp": "2025-09-19T13:57:09.684906",
  "data": {
    "financials": [
      {
        "costOfGoodsSold": 2935.023,
        "dilutedAverageSharesOutstanding": 111.196,
        "dilutedEPS": 1.664,
        "ebit": 311.287,
        "grossIncome": 1299.041,
        "interestExpense": 71.988,
        "interestIncomeExpense": -71.988,
        "netIncome": 185.031,
        "netIncomeAfterTaxes": 185.031,
        "period": "2025-06-30",
        "pretaxIncome": 239.299,
        "provisionforIncomeTaxes": 54.268,
        "revenue": 4234.064,
        "sgaExpense": 987.754,
        "totalOperatingExpense": 987.754
      },
      {
        "costOfGoodsSold": 2542.255,
        "dilutedAverageSharesOutstanding": 114.339,
        "dilutedEPS": 0.8423,
        "ebit": 184.441,
        "grossIncome": 1115.241,
        "interestExpense": 64.892,
        "interestIncomeExpense": -64.892,
        "netIncome": 96.304,
        "netIncomeAfterTaxes": 96.304,
        "period": "2025-03-31",
        "pretaxIncome": 119.549,
        "provisionforIncomeTaxes": 23.245,
        "revenue": 3657.496,
        "sgaExpense": 930.8,
        "totalOperatingExpense": 930.8
      },
      {
        "costOfGoodsSold": 2586.133,
        "dilutedAverageSharesOutstanding": 115.572,
        "dilutedEPS": 1.6461,
        "ebit": 304.146,
        "grossIncome": 1234.173,
        "interestExpense": 53.109,
        "interestIncomeExpense": -53.109,
        "netIncome": 190.244,
        "netIncomeAfterTaxes": 190.244,
        "period": "2024-12-31",
        "pretaxIncome": 251.037,
        "provisionforIncomeTaxes": 60.793,
        "revenue": 3820.306,
        "sgaExpense": 930.027,
        "totalOperatingExpense": 930.027
      },
      {
        "costOfGoodsSold": 2846.161,
        "dilutedAverageSharesOutstanding": 116.94,
        "dilutedEPS": 2.4353,
        "ebit": 428.023,
        "grossIncome": 1386.333,
        "interestExpense": 54.263,
        "interestIncomeExpense": -54.263,
        "netIncome": 284.783,
        "netIncomeAfterTaxes": 284.783,
        "period": "2024-09-30",
        "pretaxIncome": 373.76,
        "provisionforIncomeTaxes": 88.977,
        "revenue": 4232.494,
        "sgaExpense": 958.31,
        "totalOperatingExpense": 958.31
      },
      {
        "costOfGoodsSold": 2993.656,
        "dilutedAverageSharesOutstanding": 120.072,
        "dilutedEPS": 2.8657,
        "ebit": 489.483,
        "grossIncome": 1462.684,
        "interestExpense": 52.016,
        "interestIncomeExpense": -52.016,
        "netIncome": 344.09,
        "netIncomeAfterTaxes": 344.09,
        "period": "2024-06-30",
        "pretaxIncome": 437.467,
        "provisionforIncomeTaxes": 93.377,
        "revenue": 4456.34,
        "sgaExpense": 973.201,
        "totalOperatingExpense": 973.201
      },
      {
        "costOfGoodsSold": 2591.498,
        "dilutedAverageSharesOutstanding": 123.371,
        "dilutedEPS": 2.0976,
        "ebit": 373.597,
        "grossIncome": 1299.854,
        "interestExpense": 48.336,
        "interestIncomeExpense": -48.336,
        "netIncome": 258.781,
        "netIncomeAfterTaxes": 258.781,
        "period": "2024-03-31",
        "pretaxIncome": 325.261,
        "provisionforIncomeTaxes": 66.48,
        "revenue": 3891.352,
        "sgaExpense": 926.257,
        "totalOperatingExpense": 926.257
      },
      {
        "costOfGoodsSold": 2685.976,
        "dilutedAverageSharesOutstanding": 123.79,
        "dilutedEPS": 2.833,
        "ebit": 490.436,
        "grossIncome": 1464.886,
        "interestExpense": 46.798,
        "interestIncomeExpense": -46.798,
        "netIncome": 350.693,
        "netIncomeAfterTaxes": 350.693,
        "period": "2023-12-31",
        "pretaxIncome": 443.638,
        "provisionforIncomeTaxes": 92.945,
        "revenue": 4150.862,
        "sgaExpense": 974.45,
        "totalOperatingExpense": 974.45
      },
      {
        "costOfGoodsSold": 2953.2,
        "dilutedAverageSharesOutstanding": 125.8,
        "dilutedEPS": 3.59,
        "ebit": 641.6,
        "grossIncome": 1581.1,
        "interestExpense": 50.193,
        "interestIncomeExpense": -50.2,
        "netIncome": 451.5,
        "netIncomeAfterTaxes": 451.5,
        "period": "2023-09-30",
        "pretaxIncome": 591.4,
        "provisionforIncomeTaxes": 140,
        "revenue": 4534.3,
        "sgaExpense": 939.5,
        "totalOperatingExpense": 939.4
      },
      {
        "costOfGoodsSold": 2933.9,
        "dilutedAverageSharesOutstanding": 128.1,
        "dilutedEPS": 3.16,
        "ebit": 577.1,
        "grossIncome": 1594.9,
        "interestExpense": 53.016,
        "interestIncomeExpense": -53,
        "netIncome": 404.6,
        "netIncomeAfterTaxes": 404.6,
        "period": "2023-06-30",
        "pretaxIncome": 524.1,
        "provisionforIncomeTaxes": 119.4,
        "revenue": 4528.9,
        "sgaExpense": 1017.9,
        "totalOperatingExpense": 1017.9
      },
      {
        "costOfGoodsSold": 2511.9,
        "dilutedAverageSharesOutstanding": 138.4,
        "dilutedEPS": 2.41,
        "ebit": 467.2,
        "grossIncome": 1371.4,
        "interestExpense": 42.108,
        "interestIncomeExpense": -42.1,
        "netIncome": 333.8,
        "netIncomeAfterTaxes": 333.8,
        "period": "2023-03-31",
        "pretaxIncome": 425.1,
        "provisionforIncomeTaxes": 91.3,
        "revenue": 3883.3,
        "sgaExpense": 904.2,
        "totalOperatingExpense": 904.2
      },
      {
        "costOfGoodsSold": 2872.4,
        "dilutedAverageSharesOutstanding": 146.6,
        "dilutedEPS": 2.62,
        "ebit": 526,
        "grossIncome": 1485.1,
        "interestExpense": 42.233,
        "interestIncomeExpense": -42.2,
        "netIncome": 384.5,
        "netIncomeAfterTaxes": 384.5,
        "period": "2022-12-31",
        "pretaxIncome": 483.8,
        "provisionforIncomeTaxes": 99.3,
        "revenue": 4357.6,
        "sgaExpense": 959.1,
        "totalOperatingExpense": 959.2
      },
      {
        "costOfGoodsSold": 3746.7,
        "dilutedAverageSharesOutstanding": 156.5,
        "dilutedEPS": 4.72,
        "ebit": 1014.5,
        "grossIncome": 2014.7,
        "interestExpense": 44.111,
        "interestIncomeExpense": -44.1,
        "netIncome": 738,
        "netIncomeAfterTaxes": 738,
        "period": "2022-09-30",
        "pretaxIncome": 970.4,
        "provisionforIncomeTaxes": 232.4,
        "revenue": 5761.5,
        "sgaExpense": 1000.2,
        "totalOperatingExpense": 1000.2
      },
      {
        "costOfGoodsSold": 4514.1,
        "dilutedAverageSharesOutstanding": 171.5,
        "dilutedEPS": 5.75,
        "ebit": 1365.9,
        "grossIncome": 2412.1,
        "interestExpense": 70.715,
        "interestIncomeExpense": -70.7,
        "netIncome": 987.2,
        "netIncomeAfterTaxes": 987.2,
        "period": "2022-06-30",
        "pretaxIncome": 1295.2,
        "provisionforIncomeTaxes": 307.9,
        "revenue": 6926.3,
        "sgaExpense": 1046.3,
        "totalOperatingExpense": 1046.3
      },
      {
        "costOfGoodsSold": 3848.8,
        "dilutedAverageSharesOutstanding": 179.5,
        "dilutedEPS": 3.56,
        "ebit": 863.8,
        "grossIncome": 1832.4,
        "interestExpense": 41.314,
        "interestIncomeExpense": -41.3,
        "netIncome": 639.6,
        "netIncomeAfterTaxes": 639.6,
        "period": "2022-03-31",
        "pretaxIncome": 822.5,
        "provisionforIncomeTaxes": 182.9,
        "revenue": 5681.1,
        "sgaExpense": 968.6,
        "totalOperatingExpense": 968.5
      },
      {
        "costOfGoodsSold": 3149,
        "dilutedAverageSharesOutstanding": 191.3,
        "dilutedEPS": 2.31,
        "ebit": 621.8,
        "grossIncome": 1485.8,
        "interestExpense": 40.284,
        "interestIncomeExpense": -40.3,
        "netIncome": 442.5,
        "netIncomeAfterTaxes": 442.5,
        "nonRecurringItems": 0,
        "period": "2021-12-31",
        "pretaxIncome": 581.5,
        "provisionforIncomeTaxes": 139.1,
        "revenue": 4634.8,
        "sgaExpense": 864,
        "totalOperatingExpense": 864
      },
      {
        "costOfGoodsSold": 3796.1,
        "dilutedAverageSharesOutstanding": 205.6,
        "dilutedEPS": 2.98,
        "ebit": 837.4,
        "grossIncome": 1712.5,
        "interestExpense": 35.954,
        "interestIncomeExpense": -36,
        "netIncome": 613.1,
        "netIncomeAfterTaxes": 613.1,
        "nonRecurringItems": 0,
        "period": "2021-09-30",
        "pretaxIncome": 801.5,
        "provisionforIncomeTaxes": 188.3,
        "revenue": 5508.6,
        "sgaExpense": 875,
        "totalOperatingExpense": 875.1
      },
      {
        "costOfGoodsSold": 3993.5,
        "dilutedAverageSharesOutstanding": 208.3,
        "dilutedEPS": 2.39,
        "ebit": 680.2,
        "grossIncome": 1583.2,
        "interestExpense": 27.795,
        "interestIncomeExpense": -27.8,
        "netIncome": 497.2,
        "netIncomeAfterTaxes": 497.2,
        "nonRecurringItems": 0,
        "period": "2021-06-30",
        "pretaxIncome": 652.4,
        "provisionforIncomeTaxes": 155.2,
        "revenue": 5576.7,
        "sgaExpense": 902.9,
        "totalOperatingExpense": 902.9
      },
      {
        "costOfGoodsSold": 3104.2,
        "dilutedAverageSharesOutstanding": 208.6,
        "dilutedEPS": 0.83,
        "ebit": 265.6,
        "grossIncome": 1069.6,
        "interestExpense": 31.844,
        "interestIncomeExpense": -31.8,
        "netIncome": 172.6,
        "netIncomeAfterTaxes": 172.6,
        "nonRecurringItems": -17.6,
        "period": "2021-03-31",
        "pretaxIncome": 216.1,
        "provisionforIncomeTaxes": 43.5,
        "revenue": 4173.8,
        "sgaExpense": 804,
        "totalOperatingExpense": 804
      },
      {
        "costOfGoodsSold": 1861.6,
        "dilutedAverageSharesOutstanding": 118.6,
        "dilutedEPS": 1.18,
        "ebit": 213.9,
        "grossIncome": 669.2,
        "interestExpense": 28.902,
        "interestIncomeExpense": -28.9,
        "netIncome": 139.9,
        "netIncomeAfterTaxes": 139.9,
        "period": "2020-12-31",
        "pretaxIncome": 185,
        "provisionforIncomeTaxes": 45.1,
        "revenue": 2530.8,
        "sgaExpense": 455.3,
        "totalOperatingExpense": 455.3
      },
      {
        "costOfGoodsSold": 1724.8,
        "dilutedAverageSharesOutstanding": 118,
        "dilutedEPS": 0.73,
        "ebit": 139.8,
        "grossIncome": 570.7,
        "interestExpense": 28.043,
        "interestIncomeExpense": -28,
        "netIncome": 85.9,
        "netIncomeAfterTaxes": 85.9,
        "period": "2020-09-30",
        "pretaxIncome": 111.7,
        "provisionforIncomeTaxes": 25.8,
        "revenue": 2295.5,
        "sgaExpense": 430.9,
        "totalOperatingExpense": 430.9
      },
      {
        "costOfGoodsSold": 1428.3,
        "dilutedAverageSharesOutstanding": 117.5,
        "dilutedEPS": 0.67,
        "ebit": 129.3,
        "grossIncome": 517.3,
        "interestExpense": 26.812,
        "interestIncomeExpense": -26.8,
        "netIncome": 78.9,
        "netIncomeAfterTaxes": 78.9,
        "period": "2020-06-30",
        "pretaxIncome": 102.4,
        "provisionforIncomeTaxes": 23.5,
        "revenue": 1945.6,
        "sgaExpense": 388.1,
        "totalOperatingExpense": 388.1
      },
      {
        "costOfGoodsSold": 1321.6,
        "dilutedAverageSharesOutstanding": 117.5,
        "dilutedEPS": 0.07,
        "ebit": 60.9,
        "grossIncome": 465.4,
        "interestExpense": 51.931,
        "interestIncomeExpense": -51.9,
        "netIncome": 8.8,
        "netIncomeAfterTaxes": 8.8,
        "period": "2020-03-31",
        "pretaxIncome": 9,
        "provisionforIncomeTaxes": 0.2,
        "revenue": 1787,
        "sgaExpense": 404.5,
        "totalOperatingExpense": 404.5
      },
      {
        "costOfGoodsSold": 1287,
        "dilutedAverageSharesOutstanding": 117.5,
        "dilutedEPS": 0.35,
        "ebit": 75.1,
        "grossIncome": 476.6,
        "interestExpense": 27.48,
        "interestIncomeExpense": -27.5,
        "netIncome": 41.4,
        "netIncomeAfterTaxes": 41.4,
        "period": "2019-12-31",
        "pretaxIncome": 47.7,
        "provisionforIncomeTaxes": 6.3,
        "revenue": 1763.6,
        "sgaExpense": 401.4,
        "totalOperatingExpense": 401.4
      },
      {
        "costOfGoodsSold": 1439.9,
        "dilutedAverageSharesOutstanding": 117.2,
        "dilutedEPS": 0.67,
        "ebit": 129.6,
        "grossIncome": 541.1,
        "interestExpense": 27.788,
        "interestIncomeExpense": -27.8,
        "netIncome": 78.1,
        "netIncomeAfterTaxes": 78.1,
        "period": "2019-09-30",
        "pretaxIncome": 101.8,
        "provisionforIncomeTaxes": 23.7,
        "revenue": 1981,
        "sgaExpense": 411.5,
        "totalOperatingExpense": 411.5
      },
      {
        "costOfGoodsSold": 1387.4,
        "dilutedAverageSharesOutstanding": 116.9,
        "dilutedEPS": 0.57,
        "ebit": 115.6,
        "grossIncome": 517.2,
        "interestExpense": 29.382,
        "interestIncomeExpense": -29.4,
        "netIncome": 66.6,
        "netIncomeAfterTaxes": 66.6,
        "period": "2019-06-30",
        "pretaxIncome": 86.3,
        "provisionforIncomeTaxes": 19.7,
        "revenue": 1904.5,
        "sgaExpense": 401.5,
        "totalOperatingExpense": 401.5
      },
      {
        "costOfGoodsSold": 1189.3,
        "dilutedAverageSharesOutstanding": 116.5,
        "dilutedEPS": 0.31,
        "ebit": 71.9,
        "grossIncome": 442,
        "interestExpense": 24.901,
        "interestIncomeExpense": -24.9,
        "netIncome": 35.7,
        "netIncomeAfterTaxes": 35.7,
        "period": "2019-03-31",
        "pretaxIncome": 47,
        "provisionforIncomeTaxes": 11.3,
        "revenue": 1631.3,
        "sgaExpense": 370.1,
        "totalOperatingExpense": 370.1
      },
      {
        "costOfGoodsSold": 1323.2,
        "dilutedAverageSharesOutstanding": 116.4,
        "dilutedEPS": 0.45,
        "ebit": 90.5,
        "grossIncome": 492.8,
        "interestExpense": 23.408,
        "interestIncomeExpense": -23.4,
        "netIncome": 52,
        "netIncomeAfterTaxes": 52,
        "period": "2018-12-31",
        "pretaxIncome": 67.1,
        "provisionforIncomeTaxes": 15,
        "revenue": 1816,
        "sgaExpense": 402.3,
        "totalOperatingExpense": 402.3
      },
      {
        "costOfGoodsSold": 1595.7,
        "dilutedAverageSharesOutstanding": 116.5,
        "dilutedEPS": 0.63,
        "ebit": 121.8,
        "grossIncome": 522.8,
        "interestExpense": 29.106,
        "interestIncomeExpense": -29.1,
        "netIncome": 73.3,
        "netIncomeAfterTaxes": 73.3,
        "period": "2018-09-30",
        "pretaxIncome": 92.7,
        "provisionforIncomeTaxes": 19.4,
        "revenue": 2118.5,
        "sgaExpense": 401,
        "totalOperatingExpense": 401
      },
      {
        "costOfGoodsSold": 1593.6,
        "dilutedAverageSharesOutstanding": 116.7,
        "dilutedEPS": 0.49,
        "ebit": 104.6,
        "grossIncome": 496.3,
        "interestExpense": 28.957,
        "interestIncomeExpense": -29,
        "netIncome": 56.6,
        "netIncomeAfterTaxes": 56.6,
        "period": "2018-06-30",
        "pretaxIncome": 75.6,
        "provisionforIncomeTaxes": 19,
        "revenue": 2089.9,
        "sgaExpense": 391.8,
        "totalOperatingExpense": 391.7
      },
      {
        "costOfGoodsSold": 1289.4,
        "dilutedAverageSharesOutstanding": 116.7,
        "dilutedEPS": 0.2,
        "ebit": 52.1,
        "grossIncome": 411.1,
        "interestExpense": 26.742,
        "interestIncomeExpense": -26.7,
        "netIncome": 23.2,
        "netIncomeAfterTaxes": 23.2,
        "period": "2018-03-31",
        "pretaxIncome": 25.4,
        "provisionforIncomeTaxes": 2.2,
        "revenue": 1700.4,
        "sgaExpense": 358.9,
        "totalOperatingExpense": 358.9
      },
      {
        "costOfGoodsSold": 1347.7,
        "dilutedAverageSharesOutstanding": 113.2,
        "dilutedEPS": -0.37,
        "ebit": 64.8,
        "grossIncome": 431.2,
        "interestExpense": 89.471,
        "interestIncomeExpense": -89.5,
        "netIncome": -42.7,
        "netIncomeAfterTaxes": -13.7,
        "period": "2017-12-31",
        "pretaxIncome": -24.7,
        "provisionforIncomeTaxes": -11,
        "revenue": 1778.9,
        "sgaExpense": 366.4,
        "totalOperatingExpense": 366.4
      },
      {
        "costOfGoodsSold": 1419.6,
        "dilutedAverageSharesOutstanding": 115.9,
        "dilutedEPS": 0.34,
        "ebit": 88.7,
        "grossIncome": 459.3,
        "interestExpense": 33.836,
        "interestIncomeExpense": -33.8,
        "netIncome": 39.8,
        "netIncomeAfterTaxes": 39.8,
        "period": "2017-09-30",
        "pretaxIncome": 54.8,
        "provisionforIncomeTaxes": 15.1,
        "revenue": 1878.9,
        "sgaExpense": 370.6,
        "totalOperatingExpense": 370.6
      },
      {
        "costOfGoodsSold": 1382.5,
        "dilutedAverageSharesOutstanding": 115.5,
        "dilutedEPS": 0.33,
        "ebit": 91.3,
        "grossIncome": 460.8,
        "interestExpense": 33.71,
        "interestIncomeExpense": -33.7,
        "netIncome": 37.9,
        "netIncomeAfterTaxes": 37.9,
        "period": "2017-06-30",
        "pretaxIncome": 57.6,
        "provisionforIncomeTaxes": 19.7,
        "revenue": 1843.3,
        "sgaExpense": 369.5,
        "totalOperatingExpense": 369.5
      },
      {
        "costOfGoodsSold": 1157,
        "dilutedAverageSharesOutstanding": 114.6,
        "dilutedEPS": 0.03,
        "ebit": 40.3,
        "grossIncome": 376.1,
        "interestExpense": 36.157,
        "interestIncomeExpense": -36.2,
        "netIncome": 3.8,
        "netIncomeAfterTaxes": 3.8,
        "period": "2017-03-31",
        "pretaxIncome": 4.1,
        "provisionforIncomeTaxes": 0.3,
        "revenue": 1533.1,
        "sgaExpense": 335.8,
        "totalOperatingExpense": 335.8
      },
      {
        "costOfGoodsSold": 1155.3,
        "dilutedAverageSharesOutstanding": 114.2,
        "dilutedEPS": 0.06,
        "ebit": 50.9,
        "grossIncome": 391.6,
        "interestExpense": 44.351,
        "interestIncomeExpense": -44.4,
        "netIncome": 6.4,
        "netIncomeAfterTaxes": 6.4,
        "period": "2016-12-31",
        "pretaxIncome": 6.5,
        "provisionforIncomeTaxes": 0.1,
        "revenue": 1546.9,
        "sgaExpense": 340.7,
        "totalOperatingExpense": 340.7
      },
      {
        "costOfGoodsSold": 1308.9,
        "dilutedAverageSharesOutstanding": 114.3,
        "dilutedEPS": 1.1,
        "ebit": 86.3,
        "grossIncome": 437.1,
        "interestExpense": 92.29,
        "interestIncomeExpense": -92.3,
        "netIncome": 125.5,
        "netIncomeAfterTaxes": 125.5,
        "period": "2016-09-30",
        "pretaxIncome": -6,
        "provisionforIncomeTaxes": -131.5,
        "revenue": 1746,
        "sgaExpense": 350.8,
        "totalOperatingExpense": 350.8
      },
      {
        "costOfGoodsSold": 1259,
        "dilutedAverageSharesOutstanding": 113.5,
        "dilutedEPS": 0.26,
        "ebit": 76.4,
        "grossIncome": 418.3,
        "interestExpense": 42.802,
        "interestIncomeExpense": -42.8,
        "netIncome": 29.4,
        "netIncomeAfterTaxes": 29.4,
        "period": "2016-06-30",
        "pretaxIncome": 33.6,
        "provisionforIncomeTaxes": 4.2,
        "revenue": 1677.3,
        "sgaExpense": 341.9,
        "totalOperatingExpense": 341.9
      },
      {
        "costOfGoodsSold": 1047.4,
        "dilutedAverageSharesOutstanding": 109.9,
        "dilutedEPS": -0.15,
        "ebit": 22.8,
        "grossIncome": 349.7,
        "interestExpense": 35.224,
        "interestIncomeExpense": -35.2,
        "netIncome": -17,
        "netIncomeAfterTaxes": -17,
        "period": "2016-03-31",
        "pretaxIncome": -12.4,
        "provisionforIncomeTaxes": 4.5,
        "revenue": 1397.1,
        "sgaExpense": 327,
        "totalOperatingExpense": 326.9
      },
      {
        "costOfGoodsSold": 1073.5,
        "dilutedAverageSharesOutstanding": 109.5,
        "dilutedEPS": -0.1,
        "ebit": 35.9,
        "grossIncome": 382.3,
        "interestExpense": 43.014,
        "interestIncomeExpense": -43,
        "netIncome": -10.6,
        "netIncomeAfterTaxes": -10.5,
        "period": "2015-12-31",
        "pretaxIncome": -7.1,
        "provisionforIncomeTaxes": 3.4,
        "revenue": 1455.9,
        "sgaExpense": 346.4,
        "totalOperatingExpense": 346.4
      },
      {
        "costOfGoodsSold": 951.3,
        "dilutedAverageSharesOutstanding": 105.9,
        "dilutedEPS": -0.08,
        "ebit": 38.2,
        "grossIncome": 324.8,
        "interestExpense": 46.005,
        "interestIncomeExpense": -46,
        "netIncome": -8.8,
        "netIncomeAfterTaxes": -8.8,
        "period": "2015-09-30",
        "pretaxIncome": -7.8,
        "provisionforIncomeTaxes": 1,
        "revenue": 1276.1,
        "sgaExpense": 286.5,
        "totalOperatingExpense": 286.5
      }
    ],
    "symbol": "BLDR"
  }
}