{
  "symbol": "L",
  "statement": "ic",
  "frequency": "quarterly",
  "timestamp": "2025-09-19T14:03:20.289820",
  "data": {
    "financials": [
      {
        "benefitsClaimsLossAdjustment": 2085,
        "deferredPolicyAcquisitionExpense": 469,
        "dilutedAverageSharesOutstanding": 209.36,
        "dilutedEPS": 1.87,
        "ebit": 631,
        "grossPremiumsEarned": 3887,
        "interestExpense": 107,
        "interestIncomeExpense": -83,
        "minorityInterest": -25,
        "netIncome": 391,
        "netIncomeAfterTaxes": 416,
        "nonRecurringItems": -9,
        "otherOperatingExpensesTotal": 1373,
        "period": "2025-06-30",
        "pretaxIncome": 539,
        "provisionforIncomeTaxes": 123,
        "revenue": 4558,
        "totalOperatingExpense": 3927
      },
      {
        "benefitsClaimsLossAdjustment": 2027,
        "deferredPolicyAcquisitionExpense": 471,
        "dilutedAverageSharesOutstanding": 212.6,
        "dilutedEPS": 1.74,
        "ebit": 627,
        "grossPremiumsEarned": 3895,
        "interestExpense": 105,
        "interestIncomeExpense": -106,
        "minorityInterest": -22,
        "netIncome": 370,
        "netIncomeAfterTaxes": 392,
        "nonRecurringItems": -7,
        "otherOperatingExpensesTotal": 1376,
        "period": "2025-03-31",
        "pretaxIncome": 514,
        "provisionforIncomeTaxes": 122,
        "revenue": 4501,
        "totalOperatingExpense": 3874
      },
      {
        "benefitsClaimsLossAdjustment": 2030,
        "deferredPolicyAcquisitionExpense": 462,
        "dilutedAverageSharesOutstanding": 217.83,
        "dilutedEPS": 0.86,
        "ebit": 319,
        "grossPremiumsEarned": 3889,
        "interestExpense": 110,
        "interestIncomeExpense": -100,
        "minorityInterest": -2,
        "netIncome": 187,
        "netIncomeAfterTaxes": 189,
        "nonRecurringItems": -31,
        "otherOperatingExpensesTotal": 1770,
        "period": "2024-12-31",
        "pretaxIncome": 188,
        "provisionforIncomeTaxes": -1,
        "revenue": 4581,
        "totalOperatingExpense": 4262
      },
      {
        "benefitsClaimsLossAdjustment": 2019,
        "deferredPolicyAcquisitionExpense": 457,
        "dilutedAverageSharesOutstanding": 219.94,
        "dilutedEPS": 1.82,
        "ebit": 672,
        "grossPremiumsEarned": 3700,
        "interestExpense": 114,
        "interestIncomeExpense": -110,
        "minorityInterest": -24,
        "netIncome": 401,
        "netIncomeAfterTaxes": 425,
        "nonRecurringItems": -12,
        "otherOperatingExpensesTotal": 1317,
        "period": "2024-09-30",
        "pretaxIncome": 550,
        "provisionforIncomeTaxes": 125,
        "revenue": 4465,
        "totalOperatingExpense": 3793
      },
      {
        "benefitsClaimsLossAdjustment": 1882,
        "deferredPolicyAcquisitionExpense": 435,
        "dilutedAverageSharesOutstanding": 221.6,
        "dilutedEPS": 1.67,
        "ebit": 599,
        "grossPremiumsEarned": 3638,
        "interestExpense": 114,
        "interestIncomeExpense": -86,
        "minorityInterest": -26,
        "netIncome": 369,
        "netIncomeAfterTaxes": 395,
        "nonRecurringItems": -6,
        "otherOperatingExpensesTotal": 1356,
        "period": "2024-06-30",
        "pretaxIncome": 507,
        "provisionforIncomeTaxes": 112,
        "revenue": 4272,
        "totalOperatingExpense": 3673
      },
      {
        "benefitsClaimsLossAdjustment": 1807,
        "deferredPolicyAcquisitionExpense": 444,
        "dilutedAverageSharesOutstanding": 222.78,
        "dilutedEPS": 2.05,
        "ebit": 709,
        "grossPremiumsEarned": 3584,
        "interestExpense": 103,
        "interestIncomeExpense": -66,
        "minorityInterest": -28,
        "netIncome": 457,
        "netIncomeAfterTaxes": 485,
        "nonRecurringItems": -14,
        "otherOperatingExpensesTotal": 1274,
        "period": "2024-03-31",
        "pretaxIncome": 629,
        "provisionforIncomeTaxes": 144,
        "revenue": 4234,
        "totalOperatingExpense": 3525
      },
      {
        "benefitsClaimsLossAdjustment": 1810,
        "deferredPolicyAcquisitionExpense": 436,
        "dilutedAverageSharesOutstanding": 223.76,
        "dilutedEPS": 1.99,
        "ebit": 672,
        "grossPremiumsEarned": 3609,
        "interestExpense": 96,
        "interestIncomeExpense": -52,
        "minorityInterest": -31,
        "netIncome": 446,
        "netIncomeAfterTaxes": 477,
        "nonRecurringItems": -7,
        "otherOperatingExpensesTotal": 1334,
        "period": "2023-12-31",
        "pretaxIncome": 613,
        "provisionforIncomeTaxes": 136,
        "revenue": 4252,
        "totalOperatingExpense": 3580
      },
      {
        "benefitsClaimsLossAdjustment": 1826,
        "deferredPolicyAcquisitionExpense": 426,
        "dilutedAverageSharesOutstanding": 225.99,
        "dilutedEPS": 1.12,
        "ebit": 438,
        "grossPremiumsEarned": 3372,
        "interestExpense": 94,
        "interestIncomeExpense": -70,
        "minorityInterest": -23,
        "netIncome": 253,
        "netIncomeAfterTaxes": 276,
        "nonRecurringItems": -12,
        "otherOperatingExpensesTotal": 1246,
        "period": "2023-09-30",
        "pretaxIncome": 356,
        "provisionforIncomeTaxes": 80,
        "revenue": 3936,
        "totalOperatingExpense": 3498
      },
      {
        "benefitsClaimsLossAdjustment": 1779,
        "deferredPolicyAcquisitionExpense": 403,
        "dilutedAverageSharesOutstanding": 227.97,
        "dilutedEPS": 1.58,
        "ebit": 574,
        "grossPremiumsEarned": 3328,
        "interestExpense": 91,
        "interestIncomeExpense": -49,
        "minorityInterest": -28,
        "netIncome": 360,
        "netIncomeAfterTaxes": 388,
        "nonRecurringItems": -17,
        "otherOperatingExpensesTotal": 1192,
        "period": "2023-06-30",
        "pretaxIncome": 508,
        "provisionforIncomeTaxes": 120,
        "revenue": 3948,
        "totalOperatingExpense": 3374
      },
      {
        "benefitsClaimsLossAdjustment": 1653,
        "deferredPolicyAcquisitionExpense": 379,
        "dilutedAverageSharesOutstanding": 233.62,
        "dilutedEPS": 1.61,
        "ebit": 608,
        "grossPremiumsEarned": 3249,
        "interestExpense": 95,
        "interestIncomeExpense": -81,
        "minorityInterest": -29,
        "netIncome": 375,
        "netIncomeAfterTaxes": 404,
        "nonRecurringItems": -8,
        "otherOperatingExpensesTotal": 1165,
        "period": "2023-03-31",
        "pretaxIncome": 519,
        "provisionforIncomeTaxes": 115,
        "revenue": 3805,
        "totalOperatingExpense": 3197
      },
      {
        "benefitsClaimsLossAdjustment": 1694,
        "deferredPolicyAcquisitionExpense": 389,
        "dilutedAverageSharesOutstanding": 238.03,
        "dilutedEPS": 1.49,
        "ebit": 543,
        "grossPremiumsEarned": 3226,
        "interestExpense": 94,
        "interestIncomeExpense": -71,
        "minorityInterest": -24,
        "netIncome": 355,
        "netIncomeAfterTaxes": 379,
        "nonRecurringItems": -7,
        "otherOperatingExpensesTotal": 1179,
        "period": "2022-12-31",
        "pretaxIncome": 465,
        "provisionforIncomeTaxes": 86,
        "revenue": 3805,
        "totalOperatingExpense": 3262
      },
      {
        "benefitsClaimsLossAdjustment": 1880,
        "deferredPolicyAcquisitionExpense": 383,
        "dilutedAverageSharesOutstanding": 240.37,
        "dilutedEPS": -0.09,
        "ebit": 92,
        "grossPremiumsEarned": 3153,
        "interestExpense": 92,
        "interestIncomeExpense": -92,
        "minorityInterest": 5,
        "netIncome": -22,
        "netIncomeAfterTaxes": -27,
        "nonRecurringItems": -25,
        "otherOperatingExpensesTotal": 1166,
        "period": "2022-09-30",
        "pretaxIncome": -25,
        "provisionforIncomeTaxes": 2,
        "revenue": 3521,
        "totalOperatingExpense": 3429
      },
      {
        "benefitsClaimsLossAdjustment": 1601,
        "deferredPolicyAcquisitionExpense": 374,
        "dilutedAverageSharesOutstanding": 245.94,
        "dilutedEPS": 0.68,
        "ebit": 371,
        "grossPremiumsEarned": 3081,
        "interestExpense": 96,
        "interestIncomeExpense": -116,
        "minorityInterest": -20,
        "netIncome": 167,
        "netIncomeAfterTaxes": 187,
        "nonRecurringItems": -20,
        "otherOperatingExpensesTotal": 1133,
        "period": "2022-06-30",
        "pretaxIncome": 235,
        "provisionforIncomeTaxes": 48,
        "revenue": 3479,
        "totalOperatingExpense": 3108
      },
      {
        "benefitsClaimsLossAdjustment": 1478,
        "deferredPolicyAcquisitionExpense": 344,
        "dilutedAverageSharesOutstanding": 248.48,
        "dilutedEPS": 1.3,
        "ebit": 558,
        "grossPremiumsEarned": 2981,
        "interestExpense": 96,
        "interestIncomeExpense": -109,
        "minorityInterest": -30,
        "netIncome": 322,
        "netIncomeAfterTaxes": 352,
        "nonRecurringItems": -10,
        "otherOperatingExpensesTotal": 1070,
        "period": "2022-03-31",
        "pretaxIncome": 439,
        "provisionforIncomeTaxes": 87,
        "revenue": 3450,
        "totalOperatingExpense": 2892
      },
      {
        "benefitsClaimsLossAdjustment": 1687,
        "deferredPolicyAcquisitionExpense": 359,
        "dilutedAverageSharesOutstanding": 252.49,
        "dilutedEPS": 1.3,
        "ebit": 539,
        "grossPremiumsEarned": 3048,
        "interestExpense": 100,
        "interestIncomeExpense": -87,
        "minorityInterest": -26,
        "netIncome": 327,
        "netIncomeAfterTaxes": 353,
        "nonRecurringItems": -15,
        "otherOperatingExpensesTotal": 1104,
        "period": "2021-12-31",
        "pretaxIncome": 437,
        "provisionforIncomeTaxes": 84,
        "revenue": 3689,
        "totalOperatingExpense": 3150
      },
      {
        "benefitsClaimsLossAdjustment": 1632,
        "deferredPolicyAcquisitionExpense": 368,
        "dilutedAverageSharesOutstanding": 257.3,
        "dilutedEPS": 0.86,
        "ebit": 416,
        "grossPremiumsEarned": 2866,
        "interestExpense": 99,
        "interestIncomeExpense": -101,
        "minorityInterest": -26,
        "netIncome": 220,
        "netIncomeAfterTaxes": 246,
        "nonRecurringItems": -11,
        "otherOperatingExpensesTotal": 968,
        "period": "2021-09-30",
        "pretaxIncome": 304,
        "provisionforIncomeTaxes": 58,
        "revenue": 3384,
        "totalOperatingExpense": 2968
      },
      {
        "benefitsClaimsLossAdjustment": 1546,
        "deferredPolicyAcquisitionExpense": 357,
        "dilutedAverageSharesOutstanding": 263.34,
        "dilutedEPS": 2.86,
        "ebit": 1094,
        "grossPremiumsEarned": 2809,
        "interestExpense": 100,
        "interestIncomeExpense": -83,
        "minorityInterest": -39,
        "netIncome": 754,
        "netIncomeAfterTaxes": 793,
        "nonRecurringItems": 1,
        "otherOperatingExpensesTotal": 988,
        "period": "2021-06-30",
        "pretaxIncome": 1012,
        "provisionforIncomeTaxes": 219,
        "revenue": 3985,
        "totalOperatingExpense": 2891
      },
      {
        "benefitsClaimsLossAdjustment": 1506,
        "deferredPolicyAcquisitionExpense": 359,
        "dilutedAverageSharesOutstanding": 267.76,
        "dilutedEPS": 0.97,
        "ebit": 536,
        "grossPremiumsEarned": 3015,
        "interestExpense": 125,
        "interestIncomeExpense": -123,
        "minorityInterest": -32,
        "netIncome": 261,
        "netIncomeAfterTaxes": 293,
        "nonRecurringItems": -6,
        "otherOperatingExpensesTotal": 1225,
        "period": "2021-03-31",
        "pretaxIncome": 407,
        "provisionforIncomeTaxes": 114,
        "revenue": 3626,
        "totalOperatingExpense": 3090
      },
      {
        "benefitsClaimsLossAdjustment": 1487,
        "deferredPolicyAcquisitionExpense": 364,
        "dilutedAverageSharesOutstanding": 273.39,
        "dilutedEPS": 1.45,
        "ebit": 615,
        "grossPremiumsEarned": 2995,
        "interestExpense": 111,
        "interestIncomeExpense": -64,
        "minorityInterest": -40,
        "netIncome": 397,
        "netIncomeAfterTaxes": 437,
        "nonRecurringItems": -3,
        "otherOperatingExpensesTotal": 1199,
        "period": "2020-12-31",
        "pretaxIncome": 548,
        "provisionforIncomeTaxes": 111,
        "revenue": 3665,
        "totalOperatingExpense": 3050
      },
      {
        "benefitsClaimsLossAdjustment": 1616,
        "deferredPolicyAcquisitionExpense": 360,
        "dilutedAverageSharesOutstanding": 279.49,
        "dilutedEPS": 0.5,
        "ebit": 300,
        "grossPremiumsEarned": 2879,
        "interestExpense": 137,
        "interestIncomeExpense": -112,
        "minorityInterest": -23,
        "netIncome": 139,
        "netIncomeAfterTaxes": 162,
        "nonRecurringItems": -5,
        "otherOperatingExpensesTotal": 1169,
        "period": "2020-09-30",
        "pretaxIncome": 183,
        "provisionforIncomeTaxes": 21,
        "revenue": 3445,
        "totalOperatingExpense": 3145
      },
      {
        "benefitsClaimsLossAdjustment": 1642,
        "deferredPolicyAcquisitionExpense": 342,
        "dilutedAverageSharesOutstanding": 281.48,
        "dilutedEPS": -2.97,
        "ebit": -1003,
        "grossPremiumsEarned": 2808,
        "interestExpense": 123,
        "interestIncomeExpense": -60,
        "minorityInterest": 11,
        "netIncome": -835,
        "netIncomeAfterTaxes": -846,
        "nonRecurringItems": -11,
        "otherOperatingExpensesTotal": 1277,
        "period": "2020-06-30",
        "pretaxIncome": -1074,
        "provisionforIncomeTaxes": -228,
        "revenue": 2258,
        "totalOperatingExpense": 3261
      },
      {
        "benefitsClaimsLossAdjustment": 1425,
        "deferredPolicyAcquisitionExpense": 344,
        "dilutedAverageSharesOutstanding": 287.04,
        "dilutedEPS": -2.2,
        "ebit": 22,
        "grossPremiumsEarned": 3152,
        "interestExpense": 144,
        "interestIncomeExpense": -277,
        "minorityInterest": 412,
        "netIncome": -632,
        "netIncomeAfterTaxes": -1044,
        "nonRecurringItems": -866,
        "otherOperatingExpensesTotal": 1533,
        "period": "2020-03-31",
        "pretaxIncome": -1121,
        "provisionforIncomeTaxes": -77,
        "revenue": 3324,
        "totalOperatingExpense": 3302
      },
      {
        "benefitsClaimsLossAdjustment": 1483,
        "deferredPolicyAcquisitionExpense": 358,
        "dilutedAverageSharesOutstanding": 296.21,
        "dilutedEPS": 0.73,
        "ebit": 422,
        "grossPremiumsEarned": 3246,
        "interestExpense": 142,
        "interestIncomeExpense": -136,
        "minorityInterest": 6,
        "netIncome": 217,
        "netIncomeAfterTaxes": 211,
        "nonRecurringItems": -10,
        "otherOperatingExpensesTotal": 1617,
        "period": "2019-12-31",
        "pretaxIncome": 276,
        "provisionforIncomeTaxes": 65,
        "revenue": 3880,
        "totalOperatingExpense": 3458
      },
      {
        "benefitsClaimsLossAdjustment": 1614,
        "deferredPolicyAcquisitionExpense": 345,
        "dilutedAverageSharesOutstanding": 302.35,
        "dilutedEPS": 0.24,
        "ebit": 211,
        "grossPremiumsEarned": 3142,
        "interestExpense": 144,
        "interestIncomeExpense": -137,
        "minorityInterest": 33,
        "netIncome": 72,
        "netIncomeAfterTaxes": 39,
        "nonRecurringItems": -14,
        "otherOperatingExpensesTotal": 1512,
        "period": "2019-09-30",
        "pretaxIncome": 60,
        "provisionforIncomeTaxes": 21,
        "revenue": 3682,
        "totalOperatingExpense": 3471
      },
      {
        "benefitsClaimsLossAdjustment": 1352,
        "deferredPolicyAcquisitionExpense": 338,
        "dilutedAverageSharesOutstanding": 304.54,
        "dilutedEPS": 0.82,
        "ebit": 434,
        "grossPremiumsEarned": 3070,
        "interestExpense": 164,
        "interestIncomeExpense": -153,
        "minorityInterest": 24,
        "netIncome": 249,
        "netIncomeAfterTaxes": 225,
        "nonRecurringItems": -6,
        "otherOperatingExpensesTotal": 1494,
        "period": "2019-06-30",
        "pretaxIncome": 275,
        "provisionforIncomeTaxes": 50,
        "revenue": 3618,
        "totalOperatingExpense": 3184
      },
      {
        "benefitsClaimsLossAdjustment": 1357,
        "deferredPolicyAcquisitionExpense": 342,
        "dilutedAverageSharesOutstanding": 310.36,
        "dilutedEPS": 1.27,
        "ebit": 621,
        "grossPremiumsEarned": 3069,
        "interestExpense": 141,
        "interestIncomeExpense": -99,
        "minorityInterest": -2,
        "netIncome": 394,
        "netIncomeAfterTaxes": 396,
        "nonRecurringItems": -14,
        "otherOperatingExpensesTotal": 1409,
        "period": "2019-03-31",
        "pretaxIncome": 508,
        "provisionforIncomeTaxes": 112,
        "revenue": 3729,
        "totalOperatingExpense": 3108
      },
      {
        "benefitsClaimsLossAdjustment": 1594,
        "deferredPolicyAcquisitionExpense": 343,
        "dilutedAverageSharesOutstanding": 313.81,
        "dilutedEPS": -0.53,
        "ebit": -76,
        "grossPremiumsEarned": 3099,
        "interestExpense": 144,
        "interestIncomeExpense": -144,
        "minorityInterest": 46,
        "netIncome": -165,
        "netIncomeAfterTaxes": -211,
        "nonRecurringItems": -12,
        "otherOperatingExpensesTotal": 1438,
        "period": "2018-12-31",
        "pretaxIncome": -232,
        "provisionforIncomeTaxes": -21,
        "revenue": 3299,
        "totalOperatingExpense": 3375
      },
      {
        "benefitsClaimsLossAdjustment": 1312,
        "deferredPolicyAcquisitionExpense": 337,
        "dilutedAverageSharesOutstanding": 316.81,
        "dilutedEPS": 0.88,
        "ebit": 503,
        "grossPremiumsEarned": 3099,
        "interestExpense": 146,
        "interestIncomeExpense": -146,
        "minorityInterest": -11,
        "netIncome": 278,
        "netIncomeAfterTaxes": 289,
        "nonRecurringItems": -3,
        "otherOperatingExpensesTotal": 1459,
        "period": "2018-09-30",
        "pretaxIncome": 354,
        "provisionforIncomeTaxes": 65,
        "revenue": 3611,
        "totalOperatingExpense": 3108
      },
      {
        "benefitsClaimsLossAdjustment": 1327,
        "deferredPolicyAcquisitionExpense": 359,
        "dilutedAverageSharesOutstanding": 319.78,
        "dilutedEPS": 0.72,
        "ebit": 450,
        "grossPremiumsEarned": 3042,
        "interestExpense": 143,
        "interestIncomeExpense": -143,
        "minorityInterest": -18,
        "netIncome": 230,
        "netIncomeAfterTaxes": 248,
        "otherOperatingExpensesTotal": 1454,
        "period": "2018-06-30",
        "pretaxIncome": 307,
        "provisionforIncomeTaxes": 59,
        "revenue": 3590,
        "totalOperatingExpense": 3140
      },
      {
        "benefitsClaimsLossAdjustment": 1339,
        "deferredPolicyAcquisitionExpense": 296,
        "dilutedAverageSharesOutstanding": 328.72,
        "dilutedEPS": 0.89,
        "ebit": 552,
        "grossPremiumsEarned": 3066,
        "interestExpense": 141,
        "interestIncomeExpense": -141,
        "minorityInterest": -87,
        "netIncome": 293,
        "netIncomeAfterTaxes": 380,
        "nonRecurringItems": -6,
        "otherOperatingExpensesTotal": 1400,
        "period": "2018-03-31",
        "pretaxIncome": 405,
        "provisionforIncomeTaxes": 25,
        "revenue": 3587,
        "totalOperatingExpense": 3035
      },
      {
        "benefitsClaimsLossAdjustment": 1257,
        "deferredPolicyAcquisitionExpense": 307,
        "dilutedAverageSharesOutstanding": 336.81,
        "dilutedEPS": 1.42,
        "ebit": 608,
        "grossPremiumsEarned": 2983,
        "interestExpense": 142,
        "interestIncomeExpense": -142,
        "minorityInterest": -50,
        "netIncome": 481,
        "netIncomeAfterTaxes": 341,
        "nonRecurringItems": -5,
        "otherOperatingExpensesTotal": 1388,
        "period": "2017-12-31",
        "pretaxIncome": 461,
        "provisionforIncomeTaxes": 120,
        "revenue": 3560,
        "totalOperatingExpense": 2952
      },
      {
        "benefitsClaimsLossAdjustment": 1480,
        "deferredPolicyAcquisitionExpense": 309,
        "dilutedAverageSharesOutstanding": 337.79,
        "dilutedEPS": 0.46,
        "ebit": 492,
        "grossPremiumsEarned": 2948,
        "interestExpense": 223,
        "interestIncomeExpense": -223,
        "minorityInterest": -55,
        "netIncome": 157,
        "netIncomeAfterTaxes": 212,
        "nonRecurringItems": -5,
        "otherOperatingExpensesTotal": 1245,
        "period": "2017-09-30",
        "pretaxIncome": 264,
        "provisionforIncomeTaxes": 52,
        "revenue": 3526,
        "totalOperatingExpense": 3034
      },
      {
        "benefitsClaimsLossAdjustment": 1280,
        "deferredPolicyAcquisitionExpense": 312,
        "dilutedAverageSharesOutstanding": 337.72,
        "dilutedEPS": 0.68,
        "ebit": 488,
        "grossPremiumsEarned": 2838,
        "interestExpense": 139,
        "interestIncomeExpense": -139,
        "minorityInterest": -47,
        "netIncome": 231,
        "netIncomeAfterTaxes": 278,
        "nonRecurringItems": -2,
        "otherOperatingExpensesTotal": 1281,
        "period": "2017-06-30",
        "pretaxIncome": 347,
        "provisionforIncomeTaxes": 69,
        "revenue": 3361,
        "totalOperatingExpense": 2873
      },
      {
        "benefitsClaimsLossAdjustment": 1293,
        "deferredPolicyAcquisitionExpense": 305,
        "dilutedAverageSharesOutstanding": 337.68,
        "dilutedEPS": 0.87,
        "ebit": 654,
        "grossPremiumsEarned": 2662,
        "interestExpense": 142,
        "interestIncomeExpense": -142,
        "minorityInterest": -96,
        "netIncome": 295,
        "netIncomeAfterTaxes": 391,
        "nonRecurringItems": -2,
        "otherOperatingExpensesTotal": 1050,
        "period": "2017-03-31",
        "pretaxIncome": 510,
        "provisionforIncomeTaxes": 119,
        "revenue": 3302,
        "totalOperatingExpense": 2648
      },
      {
        "benefitsClaimsLossAdjustment": 1334,
        "deferredPolicyAcquisitionExpense": 309,
        "dilutedAverageSharesOutstanding": 337.41,
        "dilutedEPS": 0.86,
        "ebit": 619,
        "grossPremiumsEarned": 2741,
        "interestExpense": 133,
        "interestIncomeExpense": -133,
        "minorityInterest": -122,
        "netIncome": 290,
        "netIncomeAfterTaxes": 412,
        "nonRecurringItems": -25,
        "otherOperatingExpensesTotal": 1101,
        "period": "2016-12-31",
        "pretaxIncome": 461,
        "provisionforIncomeTaxes": 49,
        "revenue": 3363,
        "totalOperatingExpense": 2744
      },
      {
        "benefitsClaimsLossAdjustment": 1202,
        "deferredPolicyAcquisitionExpense": 314,
        "dilutedAverageSharesOutstanding": 337.62,
        "dilutedEPS": 0.97,
        "ebit": 704,
        "grossPremiumsEarned": 2681,
        "interestExpense": 130,
        "interestIncomeExpense": -130,
        "minorityInterest": -66,
        "netIncome": 327,
        "netIncomeAfterTaxes": 393,
        "nonRecurringItems": -18,
        "otherOperatingExpensesTotal": 1085,
        "period": "2016-09-30",
        "pretaxIncome": 556,
        "provisionforIncomeTaxes": 163,
        "revenue": 3305,
        "totalOperatingExpense": 2601
      },
      {
        "benefitsClaimsLossAdjustment": 1339,
        "deferredPolicyAcquisitionExpense": 305,
        "dilutedAverageSharesOutstanding": 338.72,
        "dilutedEPS": -0.19,
        "ebit": -131,
        "grossPremiumsEarned": 2719,
        "interestExpense": 130,
        "interestIncomeExpense": -130,
        "minorityInterest": 223,
        "netIncome": -65,
        "netIncomeAfterTaxes": -288,
        "nonRecurringItems": -15,
        "otherOperatingExpensesTotal": 1809,
        "period": "2016-06-30",
        "pretaxIncome": -276,
        "provisionforIncomeTaxes": 12,
        "revenue": 3322,
        "totalOperatingExpense": 3453
      },
      {
        "benefitsClaimsLossAdjustment": 1408,
        "deferredPolicyAcquisitionExpense": 307,
        "dilutedAverageSharesOutstanding": 339.25,
        "dilutedEPS": 0.3,
        "ebit": 361,
        "grossPremiumsEarned": 2779,
        "interestExpense": 143,
        "interestIncomeExpense": -143,
        "minorityInterest": -97,
        "netIncome": 102,
        "netIncomeAfterTaxes": 199,
        "nonRecurringItems": -23,
        "otherOperatingExpensesTotal": 1120,
        "period": "2016-03-31",
        "pretaxIncome": 195,
        "provisionforIncomeTaxes": -4,
        "revenue": 3196,
        "totalOperatingExpense": 2835
      },
      {
        "benefitsClaimsLossAdjustment": 1376,
        "deferredPolicyAcquisitionExpense": 604,
        "dilutedAverageSharesOutstanding": 346.5,
        "dilutedEPS": -0.58,
        "ebit": -320,
        "grossPremiumsEarned": 2915,
        "interestExpense": 127,
        "interestIncomeExpense": -127,
        "minorityInterest": 90,
        "netIncome": -201,
        "netIncomeAfterTaxes": -291,
        "nonRecurringItems": -57,
        "otherOperatingExpensesTotal": 1730,
        "period": "2015-12-31",
        "pretaxIncome": -504,
        "provisionforIncomeTaxes": -213,
        "revenue": 3390,
        "totalOperatingExpense": 3710
      },
      {
        "benefitsClaimsLossAdjustment": 1200,
        "deferredPolicyAcquisitionExpense": 319,
        "dilutedAverageSharesOutstanding": 361.1,
        "dilutedEPS": 0.5,
        "ebit": 532,
        "grossPremiumsEarned": 2898,
        "interestExpense": 128,
        "interestIncomeExpense": -128,
        "minorityInterest": -100,
        "netIncome": 182,
        "netIncomeAfterTaxes": 282,
        "nonRecurringItems": -56,
        "otherOperatingExpensesTotal": 1174,
        "period": "2015-09-30",
        "pretaxIncome": 348,
        "provisionforIncomeTaxes": 66,
        "revenue": 3225,
        "totalOperatingExpense": 2693
      }
    ],
    "symbol": "L"
  }
}