{
  "symbol": "CEG",
  "statement": "ic",
  "frequency": "quarterly",
  "timestamp": "2025-09-19T13:58:27.844027",
  "data": {
    "financials": [
      {
        "costOfGoodsSold": 3132,
        "depreciationAmortization": 254,
        "dilutedAverageSharesOutstanding": 314,
        "dilutedEPS": 2.672,
        "ebit": 951,
        "equityEarningsAffiliates": 0,
        "grossIncome": 2969,
        "interestIncomeExpense": -125,
        "minorityInterest": 6,
        "netIncome": 839,
        "netIncomeAfterTaxes": 833,
        "period": "2025-06-30",
        "pretaxIncome": 1273,
        "provisionforIncomeTaxes": 440,
        "revenue": 6101,
        "sgaExpense": 1764,
        "totalOperatingExpense": 2018,
        "totalOtherIncomeExpenseNet": 447
      },
      {
        "costOfGoodsSold": 4384,
        "depreciationAmortization": 248,
        "dilutedAverageSharesOutstanding": 314,
        "dilutedEPS": 0.3758,
        "ebit": 451,
        "grossIncome": 2404,
        "interestIncomeExpense": -414,
        "minorityInterest": -11,
        "netIncome": 118,
        "netIncomeAfterTaxes": 129,
        "period": "2025-03-31",
        "pretaxIncome": 151,
        "provisionforIncomeTaxes": 22,
        "revenue": 6788,
        "sgaExpense": 1705,
        "totalOperatingExpense": 1953,
        "totalOtherIncomeExpenseNet": 114
      },
      {
        "costOfGoodsSold": 2591,
        "depreciationAmortization": 255,
        "dilutedAverageSharesOutstanding": 315,
        "dilutedEPS": 2.7048,
        "ebit": 903,
        "equityEarningsAffiliates": -3,
        "grossIncome": 2791,
        "interestIncomeExpense": -90,
        "minorityInterest": 2,
        "netIncome": 852,
        "netIncomeAfterTaxes": 853,
        "nonRecurringItems": 69,
        "period": "2024-12-31",
        "pretaxIncome": 859,
        "provisionforIncomeTaxes": 6,
        "revenue": 5382,
        "sgaExpense": 1633,
        "totalOperatingExpense": 1888,
        "totalOtherIncomeExpenseNet": -23
      },
      {
        "costOfGoodsSold": 3119,
        "depreciationAmortization": 266,
        "dilutedAverageSharesOutstanding": 314,
        "dilutedEPS": 3.82,
        "ebit": 1465,
        "equityEarningsAffiliates": 0,
        "grossIncome": 3431,
        "interestIncomeExpense": -147,
        "minorityInterest": 4,
        "netIncome": 1200,
        "netIncomeAfterTaxes": 1196,
        "nonRecurringItems": 2,
        "period": "2024-09-30",
        "pretaxIncome": 1645,
        "provisionforIncomeTaxes": 449,
        "revenue": 6550,
        "sgaExpense": 1700,
        "totalOperatingExpense": 1966,
        "totalOtherIncomeExpenseNet": 325
      },
      {
        "costOfGoodsSold": 2292,
        "depreciationAmortization": 296,
        "dilutedAverageSharesOutstanding": 316,
        "dilutedEPS": 2.58,
        "ebit": 1100,
        "equityEarningsAffiliates": -1,
        "grossIncome": 3183,
        "interestIncomeExpense": -142,
        "minorityInterest": 5,
        "netIncome": 814,
        "netIncomeAfterTaxes": 810,
        "nonRecurringItems": 0,
        "period": "2024-06-30",
        "pretaxIncome": 964,
        "provisionforIncomeTaxes": 154,
        "revenue": 5475,
        "sgaExpense": 1787,
        "totalOperatingExpense": 2083,
        "totalOtherIncomeExpenseNet": 6
      },
      {
        "costOfGoodsSold": 3417,
        "depreciationAmortization": 306,
        "dilutedAverageSharesOutstanding": 318,
        "dilutedEPS": 2.78,
        "ebit": 813,
        "equityEarningsAffiliates": 0,
        "grossIncome": 2744,
        "interestIncomeExpense": -127,
        "minorityInterest": 0,
        "netIncome": 883,
        "netIncomeAfterTaxes": 883,
        "nonRecurringItems": 0,
        "period": "2024-03-31",
        "pretaxIncome": 1048,
        "provisionforIncomeTaxes": 165,
        "revenue": 6161,
        "sgaExpense": 1625,
        "totalOperatingExpense": 1931,
        "totalOtherIncomeExpenseNet": 362
      },
      {
        "costOfGoodsSold": 4018,
        "depreciationAmortization": 288,
        "dilutedAverageSharesOutstanding": 320,
        "dilutedEPS": -0.12,
        "ebit": -66,
        "equityEarningsAffiliates": 0,
        "grossIncome": 1778,
        "interestIncomeExpense": -139,
        "minorityInterest": 2,
        "netIncome": -37,
        "netIncomeAfterTaxes": -39,
        "nonRecurringItems": -1,
        "period": "2023-12-31",
        "pretaxIncome": 143,
        "provisionforIncomeTaxes": 182,
        "revenue": 5796,
        "sgaExpense": 1556,
        "totalOperatingExpense": 1844,
        "totalOtherIncomeExpenseNet": 349
      },
      {
        "costOfGoodsSold": 3367,
        "depreciationAmortization": 266,
        "dilutedAverageSharesOutstanding": 323,
        "dilutedEPS": 2.26,
        "ebit": 977,
        "equityEarningsAffiliates": 0,
        "grossIncome": 2744,
        "interestIncomeExpense": -82,
        "minorityInterest": 41,
        "netIncome": 731,
        "netIncomeAfterTaxes": 690,
        "nonRecurringItems": 0,
        "period": "2023-09-30",
        "pretaxIncome": 895,
        "provisionforIncomeTaxes": 205,
        "revenue": 6111,
        "sgaExpense": 1501,
        "totalOperatingExpense": 1767,
        "totalOtherIncomeExpenseNet": 0
      },
      {
        "costOfGoodsSold": 2887,
        "depreciationAmortization": 274,
        "dilutedAverageSharesOutstanding": 325,
        "dilutedEPS": 2.56,
        "ebit": 669,
        "equityEarningsAffiliates": -5,
        "grossIncome": 2559,
        "interestIncomeExpense": -103,
        "minorityInterest": 9,
        "netIncome": 833,
        "netIncomeAfterTaxes": 829,
        "nonRecurringItems": 0,
        "period": "2023-06-30",
        "pretaxIncome": 1171,
        "provisionforIncomeTaxes": 342,
        "revenue": 5446,
        "sgaExpense": 1616,
        "totalOperatingExpense": 1890,
        "totalOtherIncomeExpenseNet": 605
      },
      {
        "costOfGoodsSold": 5729,
        "depreciationAmortization": 267,
        "dilutedAverageSharesOutstanding": 328,
        "dilutedEPS": 0.29,
        "ebit": 5,
        "equityEarningsAffiliates": -5,
        "grossIncome": 1836,
        "interestIncomeExpense": -107,
        "minorityInterest": -6,
        "netIncome": 96,
        "netIncomeAfterTaxes": 107,
        "nonRecurringItems": 26,
        "period": "2023-03-31",
        "pretaxIncome": 238,
        "provisionforIncomeTaxes": 131,
        "revenue": 7565,
        "sgaExpense": 1564,
        "totalOperatingExpense": 1831,
        "totalOtherIncomeExpenseNet": 314
      },
      {
        "costOfGoodsSold": 5708,
        "depreciationAmortization": 273,
        "dilutedAverageSharesOutstanding": 331,
        "dilutedEPS": 0.1,
        "ebit": -160,
        "equityEarningsAffiliates": -3,
        "grossIncome": 1625,
        "interestIncomeExpense": -64,
        "minorityInterest": 6,
        "netIncome": 34,
        "netIncomeAfterTaxes": 31,
        "nonRecurringItems": -12,
        "period": "2022-12-31",
        "pretaxIncome": 147,
        "provisionforIncomeTaxes": 116,
        "revenue": 7333,
        "sgaExpense": 1512,
        "totalOperatingExpense": 1785,
        "totalOtherIncomeExpenseNet": 383
      },
      {
        "costOfGoodsSold": 4695,
        "depreciationAmortization": 262,
        "dilutedAverageSharesOutstanding": 327,
        "dilutedEPS": -0.57,
        "ebit": -40,
        "equityEarningsAffiliates": -4,
        "grossIncome": 1356,
        "interestIncomeExpense": -75,
        "minorityInterest": 5,
        "netIncome": -188,
        "netIncomeAfterTaxes": -189,
        "nonRecurringItems": -1,
        "period": "2022-09-30",
        "pretaxIncome": -312,
        "provisionforIncomeTaxes": -123,
        "revenue": 6051,
        "sgaExpense": 1134,
        "totalOperatingExpense": 1396,
        "totalOtherIncomeExpenseNet": -196
      },
      {
        "costOfGoodsSold": 3508,
        "depreciationAmortization": 277,
        "dilutedAverageSharesOutstanding": 327,
        "dilutedEPS": -0.34,
        "ebit": 274,
        "equityEarningsAffiliates": -3,
        "grossIncome": 1957,
        "interestIncomeExpense": -56,
        "minorityInterest": 2,
        "netIncome": -111,
        "netIncomeAfterTaxes": -110,
        "nonRecurringItems": -2,
        "period": "2022-06-30",
        "pretaxIncome": -438,
        "provisionforIncomeTaxes": -328,
        "revenue": 5465,
        "sgaExpense": 1406,
        "totalOperatingExpense": 1683,
        "totalOtherIncomeExpenseNet": -654
      },
      {
        "costOfGoodsSold": 3550,
        "depreciationAmortization": 280,
        "dilutedAverageSharesOutstanding": 327,
        "dilutedEPS": 0.32,
        "ebit": 419,
        "equityEarningsAffiliates": -3,
        "grossIncome": 2041,
        "interestExpense": 1,
        "interestIncomeExpense": -56,
        "minorityInterest": -5,
        "netIncome": 106,
        "netIncomeAfterTaxes": 114,
        "nonRecurringItems": 16,
        "period": "2022-03-31",
        "pretaxIncome": 61,
        "provisionforIncomeTaxes": -53,
        "revenue": 5591,
        "sgaExpense": 1342,
        "totalOperatingExpense": 1622,
        "totalOtherIncomeExpenseNet": -318
      },
      {
        "costOfGoodsSold": 4060,
        "depreciationAmortization": 268,
        "dilutedAverageSharesOutstanding": 328.656,
        "dilutedEPS": 0.13,
        "ebit": -58,
        "equityEarningsAffiliates": -4,
        "grossIncome": 1472,
        "interestExpense": 4,
        "interestIncomeExpense": -72,
        "minorityInterest": 3,
        "netIncome": 42,
        "netIncomeAfterTaxes": 43,
        "nonRecurringItems": 56,
        "period": "2021-12-31",
        "pretaxIncome": 160,
        "provisionforIncomeTaxes": 117,
        "revenue": 5532,
        "sgaExpense": 1262,
        "totalOperatingExpense": 1530,
        "totalOtherIncomeExpenseNet": 234
      },
      {
        "costOfGoodsSold": 1546,
        "depreciationAmortization": 866,
        "dilutedAverageSharesOutstanding": 326,
        "dilutedEPS": 1.86,
        "ebit": 791,
        "equityEarningsAffiliates": -3,
        "grossIncome": 2859,
        "interestExpense": 3,
        "interestIncomeExpense": -77,
        "minorityInterest": -27,
        "netIncome": 607,
        "netIncomeAfterTaxes": 637,
        "nonRecurringItems": 215,
        "period": "2021-09-30",
        "pretaxIncome": 815,
        "provisionforIncomeTaxes": 178,
        "revenue": 4405,
        "sgaExpense": 1202,
        "totalOperatingExpense": 2068,
        "totalOtherIncomeExpenseNet": -114
      },
      {
        "costOfGoodsSold": 1947,
        "depreciationAmortization": 930,
        "dilutedAverageSharesOutstanding": 326,
        "dilutedEPS": -0.19,
        "ebit": -480,
        "equityEarningsAffiliates": -1,
        "grossIncome": 2206,
        "interestExpense": 4,
        "interestIncomeExpense": -76,
        "minorityInterest": -74,
        "netIncome": -61,
        "netIncomeAfterTaxes": 14,
        "nonRecurringItems": 172,
        "period": "2021-06-30",
        "pretaxIncome": 124,
        "provisionforIncomeTaxes": 110,
        "revenue": 4153,
        "sgaExpense": 1756,
        "totalOperatingExpense": 2686,
        "totalOtherIncomeExpenseNet": 508
      },
      {
        "costOfGoodsSold": 4610,
        "depreciationAmortization": 940,
        "dilutedAverageSharesOutstanding": 326,
        "dilutedEPS": -2.43,
        "ebit": -1337,
        "equityEarningsAffiliates": -1,
        "grossIncome": 949,
        "interestExpense": 4,
        "interestIncomeExpense": -72,
        "minorityInterest": -24,
        "netIncome": -793,
        "netIncomeAfterTaxes": -768,
        "nonRecurringItems": 295,
        "period": "2021-03-31",
        "pretaxIncome": -947,
        "provisionforIncomeTaxes": -179,
        "revenue": 5559,
        "sgaExpense": 1346,
        "totalOperatingExpense": 2286,
        "totalOtherIncomeExpenseNet": 167
      },
      {
        "costOfGoodsSold": 2624,
        "depreciationAmortization": 962,
        "dilutedAverageSharesOutstanding": 326,
        "dilutedEPS": 0.06,
        "ebit": -353,
        "equityEarningsAffiliates": -2,
        "grossIncome": 1707,
        "interestExpense": 3,
        "interestIncomeExpense": -80,
        "minorityInterest": -75,
        "netIncome": 19,
        "netIncomeAfterTaxes": 96,
        "nonRecurringItems": -1,
        "period": "2020-12-31",
        "pretaxIncome": 304,
        "provisionforIncomeTaxes": 208,
        "revenue": 4331,
        "sgaExpense": 1098,
        "totalOperatingExpense": 2060,
        "totalOtherIncomeExpenseNet": 738
      }
    ],
    "symbol": "CEG"
  }
}