{
  "symbol": "ZBH",
  "statement": "ic",
  "frequency": "quarterly",
  "timestamp": "2025-09-19T14:09:09.478352",
  "data": {
    "financials": [
      {
        "costOfGoodsSold": 592.2,
        "depreciationAmortization": 160.6,
        "dilutedAverageSharesOutstanding": 198.3,
        "dilutedEPS": 0.7706,
        "ebit": 401.7,
        "grossIncome": 1485.1,
        "interestExpense": 79.3,
        "interestIncomeExpense": -79.3,
        "minorityInterest": -0.6,
        "netIncome": 152.8,
        "netIncomeAfterTaxes": 153.4,
        "nonRecurringItems": -101.7,
        "period": "2025-06-30",
        "pretaxIncome": 224.6,
        "provisionforIncomeTaxes": 71.2,
        "researchDevelopment": 113.3,
        "revenue": 2077.3,
        "sgaExpense": 809.5,
        "totalOperatingExpense": 1083.4,
        "totalOtherIncomeExpenseNet": 3.9
      },
      {
        "costOfGoodsSold": 549.8,
        "depreciationAmortization": 151,
        "dilutedAverageSharesOutstanding": 199.7,
        "dilutedEPS": 0.9114,
        "ebit": 341,
        "grossIncome": 1359.3,
        "interestExpense": 66.2,
        "interestIncomeExpense": -66.2,
        "minorityInterest": -0.6,
        "netIncome": 182,
        "netIncomeAfterTaxes": 182.5,
        "nonRecurringItems": -48.7,
        "period": "2025-03-31",
        "pretaxIncome": 229,
        "provisionforIncomeTaxes": 46.5,
        "researchDevelopment": 110.6,
        "revenue": 1909.1,
        "sgaExpense": 756.7,
        "totalOperatingExpense": 1018.3,
        "totalOtherIncomeExpenseNet": 2.9
      },
      {
        "costOfGoodsSold": 586.7,
        "depreciationAmortization": 157.6,
        "dilutedAverageSharesOutstanding": 200,
        "dilutedEPS": 1.1975,
        "ebit": 445.8,
        "grossIncome": 1436.5,
        "interestExpense": 61.9,
        "interestIncomeExpense": -61.9,
        "minorityInterest": -0.7,
        "netIncome": 239.5,
        "netIncomeAfterTaxes": 240.1,
        "nonRecurringItems": -56.8,
        "otherOperatingExpensesTotal": -0.1,
        "period": "2024-12-31",
        "pretaxIncome": 289,
        "provisionforIncomeTaxes": 48.9,
        "researchDevelopment": 108.5,
        "revenue": 2023.2,
        "sgaExpense": 724.7,
        "totalOperatingExpense": 990.7,
        "totalOtherIncomeExpenseNet": -38.1
      },
      {
        "costOfGoodsSold": 538.6,
        "depreciationAmortization": 148.2,
        "dilutedAverageSharesOutstanding": 203,
        "dilutedEPS": 1.2271,
        "ebit": 319.9,
        "grossIncome": 1285.6,
        "interestExpense": 54.3,
        "interestIncomeExpense": -54.3,
        "minorityInterest": -0.2,
        "netIncome": 249.1,
        "netIncomeAfterTaxes": 249.2,
        "nonRecurringItems": -40.4,
        "period": "2024-09-30",
        "pretaxIncome": 230.3,
        "provisionforIncomeTaxes": -18.9,
        "researchDevelopment": 111.6,
        "revenue": 1824.2,
        "sgaExpense": 705.9,
        "totalOperatingExpense": 965.7,
        "totalOtherIncomeExpenseNet": 5.1
      },
      {
        "costOfGoodsSold": 553.6,
        "depreciationAmortization": 144,
        "dilutedAverageSharesOutstanding": 206.4,
        "dilutedEPS": 1.1764,
        "ebit": 401.4,
        "grossIncome": 1388.4,
        "interestExpense": 51.1,
        "interestIncomeExpense": -51.1,
        "minorityInterest": -0.3,
        "netIncome": 242.8,
        "netIncomeAfterTaxes": 243.1,
        "nonRecurringItems": -50.1,
        "otherOperatingExpensesTotal": -0.1,
        "period": "2024-06-30",
        "pretaxIncome": 302.2,
        "provisionforIncomeTaxes": 59.1,
        "researchDevelopment": 109.4,
        "revenue": 1942,
        "sgaExpense": 733.7,
        "totalOperatingExpense": 987,
        "totalOtherIncomeExpenseNet": 2
      },
      {
        "costOfGoodsSold": 512.3,
        "depreciationAmortization": 142.1,
        "dilutedAverageSharesOutstanding": 206.2,
        "dilutedEPS": 0.8361,
        "ebit": 391.7,
        "grossIncome": 1376.9,
        "interestExpense": 50.7,
        "interestIncomeExpense": -50.7,
        "minorityInterest": -0.4,
        "netIncome": 172.4,
        "netIncomeAfterTaxes": 172.8,
        "nonRecurringItems": -125.8,
        "period": "2024-03-31",
        "pretaxIncome": 215.1,
        "provisionforIncomeTaxes": 42.3,
        "researchDevelopment": 107.9,
        "revenue": 1889.2,
        "sgaExpense": 735.2,
        "totalOperatingExpense": 985.2,
        "totalOtherIncomeExpenseNet": -0.1
      },
      {
        "costOfGoodsSold": 538.8,
        "depreciationAmortization": 144.9,
        "dilutedAverageSharesOutstanding": 208.5,
        "dilutedEPS": 2.0106,
        "ebit": 438.6,
        "grossIncome": 1401.3,
        "interestExpense": 50.3,
        "interestIncomeExpense": -50.3,
        "minorityInterest": -0.5,
        "netIncome": 419.2,
        "netIncomeAfterTaxes": 419.7,
        "nonRecurringItems": -84.4,
        "period": "2023-12-31",
        "pretaxIncome": 284.5,
        "provisionforIncomeTaxes": -135.2,
        "researchDevelopment": 113.3,
        "revenue": 1940.1,
        "sgaExpense": 704.5,
        "totalOperatingExpense": 962.7,
        "totalOtherIncomeExpenseNet": -19.4
      },
      {
        "costOfGoodsSold": 518.6,
        "depreciationAmortization": 145,
        "dilutedAverageSharesOutstanding": 210,
        "dilutedEPS": 0.7748,
        "ebit": 300.9,
        "grossIncome": 1235,
        "interestExpense": 51.1,
        "interestIncomeExpense": -51.1,
        "minorityInterest": -0.2,
        "netIncome": 162.7,
        "netIncomeAfterTaxes": 162.8,
        "nonRecurringItems": -34.3,
        "period": "2023-09-30",
        "pretaxIncome": 219.2,
        "provisionforIncomeTaxes": 56.4,
        "researchDevelopment": 116.9,
        "revenue": 1753.6,
        "sgaExpense": 672.2,
        "totalOperatingExpense": 934.1,
        "totalOtherIncomeExpenseNet": 3.7
      },
      {
        "costOfGoodsSold": 525.5,
        "depreciationAmortization": 138.2,
        "dilutedAverageSharesOutstanding": 209.9,
        "dilutedEPS": 0.9981,
        "ebit": 359.7,
        "grossIncome": 1344.1,
        "interestExpense": 51.6,
        "interestIncomeExpense": -51.6,
        "minorityInterest": -0.2,
        "netIncome": 209.5,
        "netIncomeAfterTaxes": 209.9,
        "nonRecurringItems": -30.1,
        "otherOperatingExpensesTotal": 0.1,
        "period": "2023-06-30",
        "pretaxIncome": 276.8,
        "provisionforIncomeTaxes": 66.9,
        "researchDevelopment": 118.1,
        "revenue": 1869.6,
        "sgaExpense": 728,
        "totalOperatingExpense": 984.4,
        "totalOtherIncomeExpenseNet": -1.2
      },
      {
        "costOfGoodsSold": 500.8,
        "depreciationAmortization": 133.4,
        "dilutedAverageSharesOutstanding": 210.4,
        "dilutedEPS": 1.105,
        "ebit": 373.7,
        "grossIncome": 1330.2,
        "interestExpense": 48.2,
        "interestIncomeExpense": -48.2,
        "minorityInterest": -0.2,
        "netIncome": 232.5,
        "netIncomeAfterTaxes": 232.7,
        "nonRecurringItems": -46.4,
        "otherOperatingExpensesTotal": 0.1,
        "period": "2023-03-31",
        "pretaxIncome": 286.8,
        "provisionforIncomeTaxes": 54.1,
        "researchDevelopment": 110.4,
        "revenue": 1831,
        "sgaExpense": 712.6,
        "totalOperatingExpense": 956.5,
        "totalOtherIncomeExpenseNet": 7.7
      },
      {
        "costOfGoodsSold": 520.3,
        "depreciationAmortization": 131.5,
        "dilutedAverageSharesOutstanding": 209.9,
        "dilutedEPS": -0.6217,
        "ebit": 338.2,
        "grossIncome": 1304.8,
        "interestExpense": 42.6,
        "interestIncomeExpense": -42.6,
        "minorityInterest": -0.3,
        "netIncome": -130.5,
        "netIncomeAfterTaxes": -130.2,
        "nonRecurringItems": -366.5,
        "period": "2022-12-31",
        "pretaxIncome": -74.8,
        "provisionforIncomeTaxes": 55.4,
        "researchDevelopment": 108,
        "revenue": 1825.1,
        "sgaExpense": 727.1,
        "totalOperatingExpense": 966.6,
        "totalOtherIncomeExpenseNet": -3.9
      },
      {
        "costOfGoodsSold": 488.2,
        "depreciationAmortization": 131.5,
        "dilutedAverageSharesOutstanding": 210.3,
        "dilutedEPS": 0.9225,
        "ebit": 293.5,
        "grossIncome": 1181.6,
        "interestExpense": 42.3,
        "interestIncomeExpense": -42.3,
        "minorityInterest": -0.2,
        "netIncome": 194,
        "netIncomeAfterTaxes": 194.2,
        "nonRecurringItems": -48.2,
        "period": "2022-09-30",
        "pretaxIncome": 177.6,
        "provisionforIncomeTaxes": -16.6,
        "researchDevelopment": 101.7,
        "revenue": 1669.8,
        "sgaExpense": 654.9,
        "totalOperatingExpense": 888.1,
        "totalOtherIncomeExpenseNet": -25.4
      },
      {
        "costOfGoodsSold": 511,
        "depreciationAmortization": 133,
        "dilutedAverageSharesOutstanding": 210.3,
        "dilutedEPS": 0.7309,
        "ebit": 343.2,
        "grossIncome": 1270.8,
        "interestExpense": 38.8,
        "interestIncomeExpense": -38.8,
        "minorityInterest": -0.3,
        "netIncome": 153.7,
        "netIncomeAfterTaxes": 154,
        "nonRecurringItems": -62.3,
        "period": "2022-06-30",
        "pretaxIncome": 199.5,
        "provisionforIncomeTaxes": 45.5,
        "researchDevelopment": 99.4,
        "revenue": 1781.8,
        "sgaExpense": 695.2,
        "totalOperatingExpense": 927.6,
        "totalOtherIncomeExpenseNet": -42.6
      },
      {
        "costOfGoodsSold": 500,
        "depreciationAmortization": 130.8,
        "dilutedAverageSharesOutstanding": 210.1,
        "dilutedEPS": 0.06,
        "ebit": 251,
        "grossIncome": 1163.2,
        "interestExpense": 41.1,
        "interestIncomeExpense": -41.1,
        "minorityInterest": -0.2,
        "netIncome": 14.2,
        "netIncomeAfterTaxes": 73.2,
        "nonRecurringItems": -52.6,
        "period": "2022-03-31",
        "pretaxIncome": 101.2,
        "provisionforIncomeTaxes": 28,
        "researchDevelopment": 96.9,
        "revenue": 1663.2,
        "sgaExpense": 684.5,
        "totalOperatingExpense": 912.2,
        "totalOtherIncomeExpenseNet": -56.1
      },
      {
        "costOfGoodsSold": 536.5,
        "depreciationAmortization": 130.8,
        "dilutedAverageSharesOutstanding": 208.9,
        "dilutedEPS": -0.4,
        "ebit": 208.7,
        "grossIncome": 1240.7,
        "interestExpense": 48.8,
        "interestIncomeExpense": -48.8,
        "minorityInterest": -0.1,
        "netIncome": -84,
        "netIncomeAfterTaxes": -54.7,
        "nonRecurringItems": -240,
        "period": "2021-12-31",
        "pretaxIncome": -83.9,
        "provisionforIncomeTaxes": -29.2,
        "researchDevelopment": 96,
        "revenue": 1777.2,
        "sgaExpense": 805.2,
        "totalOperatingExpense": 1032,
        "totalOtherIncomeExpenseNet": -3.8
      },
      {
        "costOfGoodsSold": 491.4,
        "depreciationAmortization": 132.2,
        "dilutedAverageSharesOutstanding": 210.6,
        "dilutedEPS": 0.69,
        "ebit": 283.6,
        "grossIncome": 1194,
        "interestExpense": 52.6,
        "interestIncomeExpense": -52.6,
        "minorityInterest": -0.2,
        "netIncome": 145.6,
        "netIncomeAfterTaxes": 162.4,
        "nonRecurringItems": -40.6,
        "period": "2021-09-30",
        "pretaxIncome": 190.7,
        "provisionforIncomeTaxes": 28.3,
        "researchDevelopment": 93.8,
        "revenue": 1685.4,
        "sgaExpense": 684.4,
        "totalOperatingExpense": 910.4,
        "totalOtherIncomeExpenseNet": 0.3
      },
      {
        "costOfGoodsSold": 496.2,
        "depreciationAmortization": 132.9,
        "dilutedAverageSharesOutstanding": 210.7,
        "dilutedEPS": 0.6844,
        "ebit": 272.4,
        "grossIncome": 1267.1,
        "interestExpense": 54.7,
        "interestIncomeExpense": -54.7,
        "minorityInterest": -0.6,
        "netIncome": 141.9,
        "netIncomeAfterTaxes": 144.8,
        "nonRecurringItems": -47.6,
        "period": "2021-06-30",
        "pretaxIncome": 178.1,
        "provisionforIncomeTaxes": 33.3,
        "researchDevelopment": 165,
        "revenue": 1763.3,
        "sgaExpense": 696.8,
        "totalOperatingExpense": 994.7,
        "totalOtherIncomeExpenseNet": 8
      },
      {
        "costOfGoodsSold": 516.4,
        "depreciationAmortization": 155.5,
        "dilutedAverageSharesOutstanding": 210.2,
        "dilutedEPS": 0.94,
        "ebit": 311,
        "grossIncome": 1331,
        "interestExpense": 52.3,
        "interestIncomeExpense": -52.3,
        "minorityInterest": 0.4,
        "netIncome": 198.1,
        "netIncomeAfterTaxes": 197.7,
        "nonRecurringItems": -45.4,
        "period": "2021-03-31",
        "pretaxIncome": 220.6,
        "provisionforIncomeTaxes": 22.9,
        "researchDevelopment": 94.4,
        "revenue": 1847.4,
        "sgaExpense": 770.1,
        "totalOperatingExpense": 1020,
        "totalOtherIncomeExpenseNet": 7.3
      },
      {
        "costOfGoodsSold": 647.3,
        "depreciationAmortization": 152.6,
        "dilutedAverageSharesOutstanding": 207.6,
        "dilutedEPS": 1.61,
        "ebit": 291.5,
        "grossIncome": 1438,
        "interestExpense": 53.2,
        "interestIncomeExpense": -53.1,
        "minorityInterest": -0.1,
        "netIncome": 333.7,
        "netIncomeAfterTaxes": 333.8,
        "nonRecurringItems": -50.8,
        "period": "2020-12-31",
        "pretaxIncome": 195.6,
        "provisionforIncomeTaxes": -138.2,
        "researchDevelopment": 100,
        "revenue": 2085.3,
        "sgaExpense": 893.9,
        "totalOperatingExpense": 1146.5,
        "totalOtherIncomeExpenseNet": 8
      },
      {
        "costOfGoodsSold": 569.4,
        "depreciationAmortization": 149.7,
        "dilutedAverageSharesOutstanding": 208.5,
        "dilutedEPS": 1.16,
        "ebit": 334.3,
        "grossIncome": 1359.9,
        "interestExpense": 54,
        "interestIncomeExpense": -54,
        "minorityInterest": -3.6,
        "netIncome": 242.5,
        "netIncomeAfterTaxes": 246.1,
        "nonRecurringItems": -35.1,
        "period": "2020-09-30",
        "pretaxIncome": 255.8,
        "provisionforIncomeTaxes": 9.7,
        "researchDevelopment": 85.9,
        "revenue": 1929.3,
        "sgaExpense": 790,
        "totalOperatingExpense": 1025.6,
        "totalOtherIncomeExpenseNet": 10.6
      },
      {
        "costOfGoodsSold": 424.5,
        "depreciationAmortization": 147.7,
        "dilutedAverageSharesOutstanding": 206.8,
        "dilutedEPS": -1,
        "ebit": -98.8,
        "grossIncome": 801.6,
        "interestExpense": 54,
        "interestIncomeExpense": -54,
        "minorityInterest": 1.6,
        "netIncome": -206.6,
        "netIncomeAfterTaxes": -208.2,
        "nonRecurringItems": -72.9,
        "period": "2020-06-30",
        "pretaxIncome": -221.9,
        "provisionforIncomeTaxes": -13.7,
        "researchDevelopment": 87.7,
        "revenue": 1226.1,
        "sgaExpense": 665,
        "totalOperatingExpense": 900.4,
        "totalOtherIncomeExpenseNet": 3.8
      },
      {
        "costOfGoodsSold": 471.5,
        "depreciationAmortization": 147.6,
        "dilutedAverageSharesOutstanding": 206.5,
        "dilutedEPS": -2.46,
        "ebit": 237.4,
        "grossIncome": 1312.3,
        "interestExpense": 50.7,
        "interestIncomeExpense": -66.5,
        "minorityInterest": 0.6,
        "netIncome": -508.5,
        "netIncomeAfterTaxes": -509.1,
        "nonRecurringItems": -677.8,
        "period": "2020-03-31",
        "pretaxIncome": -503.9,
        "provisionforIncomeTaxes": 5.2,
        "researchDevelopment": 98.4,
        "revenue": 1783.8,
        "sgaExpense": 828.9,
        "totalOperatingExpense": 1074.9,
        "totalOtherIncomeExpenseNet": 3
      },
      {
        "costOfGoodsSold": 646.4,
        "depreciationAmortization": 147.4,
        "dilutedAverageSharesOutstanding": 207.9,
        "dilutedEPS": 1.54,
        "ebit": 333.8,
        "grossIncome": 1479.3,
        "interestExpense": 52.2,
        "interestIncomeExpense": -2,
        "minorityInterest": -0.7,
        "netIncome": 320.7,
        "netIncomeAfterTaxes": 321.4,
        "nonRecurringItems": -61.2,
        "period": "2019-12-31",
        "pretaxIncome": 289.2,
        "provisionforIncomeTaxes": -32.2,
        "researchDevelopment": 121.1,
        "revenue": 2125.7,
        "sgaExpense": 877,
        "totalOperatingExpense": 1145.5,
        "totalOtherIncomeExpenseNet": 18.6
      },
      {
        "costOfGoodsSold": 524.4,
        "depreciationAmortization": 146.6,
        "dilutedAverageSharesOutstanding": 207,
        "dilutedEPS": 2.08,
        "ebit": 276.9,
        "grossIncome": 1368,
        "interestExpense": 56.7,
        "interestIncomeExpense": -68.1,
        "minorityInterest": -0.9,
        "netIncome": 431.1,
        "netIncomeAfterTaxes": 432,
        "nonRecurringItems": -19.8,
        "period": "2019-09-30",
        "pretaxIncome": 184.6,
        "provisionforIncomeTaxes": -247.4,
        "researchDevelopment": 114.4,
        "revenue": 1892.4,
        "sgaExpense": 830.1,
        "totalOperatingExpense": 1091.1,
        "totalOtherIncomeExpenseNet": -4.4
      },
      {
        "costOfGoodsSold": 573.9,
        "depreciationAmortization": 146.9,
        "dilutedAverageSharesOutstanding": 206.2,
        "dilutedEPS": 0.65,
        "ebit": 315.4,
        "grossIncome": 1414.7,
        "interestExpense": 59.5,
        "interestIncomeExpense": -67.1,
        "minorityInterest": 1.8,
        "netIncome": 133.7,
        "netIncomeAfterTaxes": 131.9,
        "nonRecurringItems": -103.3,
        "period": "2019-06-30",
        "pretaxIncome": 140.3,
        "provisionforIncomeTaxes": 8.4,
        "researchDevelopment": 112.1,
        "revenue": 1988.6,
        "sgaExpense": 840.3,
        "totalOperatingExpense": 1099.3,
        "totalOtherIncomeExpenseNet": -4.7
      },
      {
        "costOfGoodsSold": 546.2,
        "depreciationAmortization": 143.4,
        "dilutedAverageSharesOutstanding": 205.8,
        "dilutedEPS": 1.2,
        "ebit": 387.8,
        "grossIncome": 1429.3,
        "interestExpense": 57.9,
        "interestIncomeExpense": -62.4,
        "minorityInterest": -0.1,
        "netIncome": 246.1,
        "netIncomeAfterTaxes": 246.2,
        "nonRecurringItems": -30.4,
        "period": "2019-03-31",
        "pretaxIncome": 291.7,
        "provisionforIncomeTaxes": 45.5,
        "researchDevelopment": 101.7,
        "revenue": 1975.5,
        "sgaExpense": 796.4,
        "totalOperatingExpense": 1041.5,
        "totalOtherIncomeExpenseNet": -3.3
      },
      {
        "costOfGoodsSold": 530.7,
        "depreciationAmortization": 148,
        "dilutedAverageSharesOutstanding": 204.1,
        "dilutedEPS": -4.41,
        "ebit": 292.5,
        "grossIncome": 1540.3,
        "interestExpense": 68.3,
        "interestIncomeExpense": -119.9,
        "minorityInterest": 1.4,
        "netIncome": -901.1,
        "netIncomeAfterTaxes": -894.2,
        "nonRecurringItems": -1030.3,
        "period": "2018-12-31",
        "pretaxIncome": -865.9,
        "provisionforIncomeTaxes": 28.3,
        "researchDevelopment": 101.2,
        "revenue": 2071,
        "sgaExpense": 998.6,
        "totalOperatingExpense": 1247.8,
        "totalOtherIncomeExpenseNet": -8.2
      },
      {
        "costOfGoodsSold": 533.9,
        "depreciationAmortization": 147.6,
        "dilutedAverageSharesOutstanding": 205.4,
        "dilutedEPS": 0.79,
        "ebit": 271.8,
        "grossIncome": 1302.8,
        "interestExpense": 68.2,
        "interestIncomeExpense": -57.1,
        "minorityInterest": 0.1,
        "netIncome": 162.2,
        "netIncomeAfterTaxes": 162.1,
        "nonRecurringItems": -53.4,
        "period": "2018-09-30",
        "pretaxIncome": 153.6,
        "provisionforIncomeTaxes": -8.5,
        "researchDevelopment": 95.7,
        "revenue": 1836.7,
        "sgaExpense": 787.7,
        "totalOperatingExpense": 1031,
        "totalOtherIncomeExpenseNet": -7.7
      },
      {
        "costOfGoodsSold": 594.2,
        "depreciationAmortization": 149.5,
        "dilutedAverageSharesOutstanding": 204.6,
        "dilutedEPS": 0.9,
        "ebit": 373.5,
        "grossIncome": 1413.4,
        "interestExpense": 75.7,
        "interestIncomeExpense": -37.2,
        "minorityInterest": 0.1,
        "netIncome": 185,
        "netIncomeAfterTaxes": 184.9,
        "nonRecurringItems": -88,
        "period": "2018-06-30",
        "pretaxIncome": 217.8,
        "provisionforIncomeTaxes": 32.9,
        "researchDevelopment": 99.1,
        "revenue": 2007.6,
        "sgaExpense": 791.3,
        "totalOperatingExpense": 1039.9,
        "totalOtherIncomeExpenseNet": -30.5
      },
      {
        "costOfGoodsSold": 586.9,
        "depreciationAmortization": 150.8,
        "dilutedAverageSharesOutstanding": 204.6,
        "dilutedEPS": 0.85,
        "ebit": 399.1,
        "grossIncome": 1430.7,
        "interestExpense": 78.8,
        "interestIncomeExpense": -76.6,
        "minorityInterest": -1.5,
        "netIncome": 174.7,
        "netIncomeAfterTaxes": 176.2,
        "nonRecurringItems": -105.2,
        "period": "2018-03-31",
        "pretaxIncome": 223.4,
        "provisionforIncomeTaxes": 47.2,
        "researchDevelopment": 95.7,
        "revenue": 2017.6,
        "sgaExpense": 785.1,
        "totalOperatingExpense": 1031.6,
        "totalOtherIncomeExpenseNet": 6.1
      },
      {
        "costOfGoodsSold": 608.5,
        "depreciationAmortization": 151.5,
        "dilutedAverageSharesOutstanding": 204,
        "dilutedEPS": 6.03,
        "ebit": 348.2,
        "grossIncome": 1459.8,
        "interestIncomeExpense": -69.5,
        "minorityInterest": 0.2,
        "netIncome": 1231.4,
        "netIncomeAfterTaxes": -41.2,
        "nonRecurringItems": -405.4,
        "period": "2017-12-31",
        "pretaxIncome": -124.2,
        "provisionforIncomeTaxes": -83,
        "researchDevelopment": 95,
        "revenue": 2068.3,
        "sgaExpense": 865.1,
        "totalOperatingExpense": 1111.6,
        "totalOtherIncomeExpenseNet": 2.5
      },
      {
        "costOfGoodsSold": 506,
        "depreciationAmortization": 152.7,
        "dilutedAverageSharesOutstanding": 204,
        "dilutedEPS": 0.48,
        "ebit": 351.5,
        "grossIncome": 1307.1,
        "interestExpense": 82.2,
        "interestIncomeExpense": -92.9,
        "minorityInterest": 0,
        "netIncome": 98.8,
        "netIncomeAfterTaxes": 98.8,
        "nonRecurringItems": -145.4,
        "period": "2017-09-30",
        "pretaxIncome": 127.2,
        "provisionforIncomeTaxes": 28.4,
        "researchDevelopment": 91.2,
        "revenue": 1813.1,
        "sgaExpense": 711.7,
        "totalOperatingExpense": 955.6,
        "totalOtherIncomeExpenseNet": 14
      },
      {
        "costOfGoodsSold": 521.8,
        "depreciationAmortization": 147.7,
        "dilutedAverageSharesOutstanding": 203.7,
        "dilutedEPS": 0.9,
        "ebit": 435.2,
        "grossIncome": 1427.7,
        "interestExpense": 82.1,
        "interestIncomeExpense": -98.7,
        "minorityInterest": 0.1,
        "netIncome": 184.2,
        "netIncomeAfterTaxes": 184.1,
        "nonRecurringItems": -149.2,
        "period": "2017-06-30",
        "pretaxIncome": 196.4,
        "provisionforIncomeTaxes": 12.3,
        "researchDevelopment": 92.6,
        "revenue": 1949.5,
        "sgaExpense": 752.2,
        "totalOperatingExpense": 992.5,
        "totalOtherIncomeExpenseNet": 9.1
      },
      {
        "costOfGoodsSold": 501.8,
        "depreciationAmortization": 152,
        "dilutedAverageSharesOutstanding": 203.1,
        "dilutedEPS": 1.47,
        "ebit": 469.3,
        "grossIncome": 1470.6,
        "interestExpense": 82.8,
        "interestIncomeExpense": -121.3,
        "minorityInterest": 0.1,
        "netIncome": 299.4,
        "netIncomeAfterTaxes": 299.3,
        "nonRecurringItems": -110.1,
        "period": "2017-03-31",
        "pretaxIncome": 265.2,
        "provisionforIncomeTaxes": -34.1,
        "researchDevelopment": 91.1,
        "revenue": 1972.4,
        "sgaExpense": 758.2,
        "totalOperatingExpense": 1001.3,
        "totalOtherIncomeExpenseNet": 27.3
      },
      {
        "costOfGoodsSold": 621.8,
        "depreciationAmortization": 141.2,
        "dilutedAverageSharesOutstanding": 202.7,
        "dilutedEPS": 0.34,
        "ebit": 370.9,
        "grossIncome": 1375.8,
        "interestIncomeExpense": -111.5,
        "minorityInterest": -0.1,
        "netIncome": 69.6,
        "netIncomeAfterTaxes": 69.7,
        "nonRecurringItems": -192.4,
        "period": "2016-12-31",
        "pretaxIncome": 30.8,
        "provisionforIncomeTaxes": -38.9,
        "researchDevelopment": 95.7,
        "revenue": 1997.6,
        "sgaExpense": 768,
        "totalOperatingExpense": 1004.9,
        "totalOtherIncomeExpenseNet": -36.2
      },
      {
        "costOfGoodsSold": 479.3,
        "depreciationAmortization": 164.3,
        "dilutedAverageSharesOutstanding": 202.9,
        "dilutedEPS": 0.78,
        "ebit": 365.9,
        "grossIncome": 1353.5,
        "interestIncomeExpense": -96,
        "minorityInterest": 0.9,
        "netIncome": 158.8,
        "netIncomeAfterTaxes": 157.9,
        "nonRecurringItems": -170.4,
        "otherOperatingExpensesTotal": 0,
        "period": "2016-09-30",
        "pretaxIncome": 103.5,
        "provisionforIncomeTaxes": -54.4,
        "researchDevelopment": 95.6,
        "revenue": 1832.8,
        "sgaExpense": 727.7,
        "totalOperatingExpense": 987.6,
        "totalOtherIncomeExpenseNet": 4
      },
      {
        "costOfGoodsSold": 640.1,
        "depreciationAmortization": 133.8,
        "dilutedAverageSharesOutstanding": 199.4,
        "dilutedEPS": -0.16,
        "ebit": 339.5,
        "grossIncome": 1293.9,
        "interestIncomeExpense": -103.2,
        "minorityInterest": 0.4,
        "netIncome": -31.3,
        "netIncomeAfterTaxes": -31.7,
        "nonRecurringItems": -137.9,
        "otherOperatingExpensesTotal": 0,
        "period": "2016-06-30",
        "pretaxIncome": 110.5,
        "provisionforIncomeTaxes": 142.2,
        "researchDevelopment": 88.6,
        "revenue": 1934,
        "sgaExpense": 732,
        "totalOperatingExpense": 954.4,
        "totalOtherIncomeExpenseNet": 12.1
      },
      {
        "costOfGoodsSold": 640.6,
        "depreciationAmortization": 126.6,
        "dilutedAverageSharesOutstanding": 202.2,
        "dilutedEPS": 0.54,
        "ebit": 334.2,
        "grossIncome": 1263.4,
        "interestIncomeExpense": -108.2,
        "minorityInterest": 0.1,
        "netIncome": 108.8,
        "netIncomeAfterTaxes": 108.7,
        "nonRecurringItems": -88.7,
        "period": "2016-03-31",
        "pretaxIncome": 154.8,
        "provisionforIncomeTaxes": 46.1,
        "researchDevelopment": 85.7,
        "revenue": 1904,
        "sgaExpense": 716.9,
        "totalOperatingExpense": 929.2,
        "totalOtherIncomeExpenseNet": 17.5
      },
      {
        "costOfGoodsSold": 669.3,
        "depreciationAmortization": 161.4,
        "dilutedAverageSharesOutstanding": 205.1,
        "dilutedEPS": 0.62,
        "ebit": 293.4,
        "gainLossOnDispositionOfAssets": 19,
        "grossIncome": 1264.3,
        "interestExpense": 90,
        "interestIncomeExpense": -81.2,
        "minorityInterest": 0.3,
        "netIncome": 127,
        "netIncomeAfterTaxes": 126.7,
        "nonRecurringItems": -79.9,
        "otherOperatingExpensesTotal": 0,
        "period": "2015-12-31",
        "pretaxIncome": 133.2,
        "provisionforIncomeTaxes": 6.5,
        "researchDevelopment": 85.9,
        "revenue": 1933.6,
        "sgaExpense": 723.6,
        "totalOperatingExpense": 970.9,
        "totalOtherIncomeExpenseNet": -18.1
      },
      {
        "costOfGoodsSold": 552.1,
        "depreciationAmortization": 122.6,
        "dilutedAverageSharesOutstanding": 205.7,
        "dilutedEPS": 0.11,
        "ebit": 311.9,
        "grossIncome": 1210.1,
        "interestExpense": 90.8,
        "interestIncomeExpense": -80.1,
        "minorityInterest": 0,
        "netIncome": 22.2,
        "netIncomeAfterTaxes": 22.2,
        "nonRecurringItems": -195.9,
        "otherOperatingExpensesTotal": 0,
        "period": "2015-09-30",
        "pretaxIncome": 31.8,
        "provisionforIncomeTaxes": 9.6,
        "researchDevelopment": 83.3,
        "revenue": 1762.2,
        "sgaExpense": 692.3,
        "totalOperatingExpense": 898.2,
        "totalOtherIncomeExpenseNet": -4.1
      }
    ],
    "symbol": "ZBH"
  }
}