{
  "symbol": "CDW",
  "statement": "ic",
  "frequency": "annual",
  "timestamp": "2025-09-19T13:57:35.044020",
  "data": {
    "financials": [
      {
        "costOfGoodsSold": 16396.3,
        "dilutedAverageSharesOutstanding": 135.2,
        "dilutedEPS": 7.9719,
        "ebit": 1651.3,
        "grossIncome": 4602.4,
        "interestIncomeExpense": -214.5,
        "netIncome": 1077.8,
        "netIncomeAfterTaxes": 1077.8,
        "period": "2024-12-31",
        "pretaxIncome": 1435.4,
        "provisionforIncomeTaxes": 357.6,
        "revenue": 20998.7,
        "sgaExpense": 2951.1,
        "totalOperatingExpense": 2951.1,
        "totalOtherIncomeExpenseNet": -1.4,
        "year": 2024
      },
      {
        "costOfGoodsSold": 16723.6,
        "dilutedAverageSharesOutstanding": 136.3,
        "dilutedEPS": 8.102,
        "ebit": 1680.9,
        "grossIncome": 4652.4,
        "interestIncomeExpense": -226.6,
        "netIncome": 1104.3,
        "netIncomeAfterTaxes": 1104.3,
        "period": "2023-12-31",
        "pretaxIncome": 1450.2,
        "provisionforIncomeTaxes": 345.9,
        "revenue": 21376,
        "sgaExpense": 2971.5,
        "totalOperatingExpense": 2971.5,
        "totalOtherIncomeExpenseNet": -4.1,
        "year": 2023
      },
      {
        "costOfGoodsSold": 19062,
        "dilutedAverageSharesOutstanding": 137,
        "dilutedEPS": 8.14,
        "ebit": 1735,
        "grossIncome": 4687,
        "interestIncomeExpense": -236,
        "netIncome": 1115,
        "netIncomeAfterTaxes": 1115,
        "nonRecurringItems": 0,
        "period": "2022-12-31",
        "pretaxIncome": 1488,
        "provisionforIncomeTaxes": 373,
        "revenue": 23749,
        "sgaExpense": 2951,
        "totalOperatingExpense": 2952,
        "totalOtherIncomeExpenseNet": -12,
        "year": 2022
      },
      {
        "costOfGoodsSold": 17252,
        "dilutedAverageSharesOutstanding": 141,
        "dilutedEPS": 7.01,
        "ebit": 1419,
        "grossIncome": 3569,
        "interestIncomeExpense": -151,
        "netIncome": 989,
        "netIncomeAfterTaxes": 989,
        "nonRecurringItems": 36,
        "period": "2021-12-31",
        "pretaxIncome": 1298,
        "provisionforIncomeTaxes": 309,
        "revenue": 20821,
        "sgaExpense": 2150,
        "totalOperatingExpense": 2150,
        "totalOtherIncomeExpenseNet": -6,
        "year": 2021
      },
      {
        "costOfGoodsSold": 15257,
        "dilutedAverageSharesOutstanding": 145,
        "dilutedEPS": 5.45,
        "ebit": 1179,
        "grossIncome": 3210,
        "interestIncomeExpense": -155,
        "netIncome": 789,
        "netIncomeAfterTaxes": 789,
        "period": "2020-12-31",
        "pretaxIncome": 1002,
        "provisionforIncomeTaxes": 214,
        "revenue": 18468,
        "sgaExpense": 2031,
        "totalOperatingExpense": 2031,
        "totalOtherIncomeExpenseNet": -22,
        "year": 2020
      },
      {
        "costOfGoodsSold": 14993,
        "dilutedAverageSharesOutstanding": 148,
        "dilutedEPS": 4.99,
        "ebit": 1134,
        "grossIncome": 3040,
        "interestIncomeExpense": -159,
        "netIncome": 737,
        "netIncomeAfterTaxes": 737,
        "period": "2019-12-31",
        "pretaxIncome": 950,
        "provisionforIncomeTaxes": 213,
        "revenue": 18032,
        "sgaExpense": 1906,
        "totalOperatingExpense": 1906,
        "totalOtherIncomeExpenseNet": -25,
        "year": 2019
      },
      {
        "costOfGoodsSold": 13534,
        "dilutedAverageSharesOutstanding": 154,
        "dilutedEPS": 4.17,
        "ebit": 987,
        "grossIncome": 2707,
        "interestIncomeExpense": -149,
        "netIncome": 643,
        "netIncomeAfterTaxes": 641,
        "nonRecurringItems": 0,
        "period": "2018-12-31",
        "pretaxIncome": 841,
        "provisionforIncomeTaxes": 199,
        "revenue": 16241,
        "sgaExpense": 1720,
        "totalOperatingExpense": 1719,
        "totalOtherIncomeExpenseNet": 2,
        "year": 2018
      },
      {
        "costOfGoodsSold": 12383,
        "dilutedAverageSharesOutstanding": 158,
        "dilutedEPS": 3.31,
        "ebit": 866,
        "grossIncome": 2450,
        "interestIncomeExpense": -151,
        "netIncome": 523,
        "netIncomeAfterTaxes": 448,
        "nonRecurringItems": -57,
        "period": "2017-12-31",
        "pretaxIncome": 661,
        "provisionforIncomeTaxes": 213,
        "revenue": 14833,
        "sgaExpense": 1584,
        "totalOperatingExpense": 1584,
        "totalOtherIncomeExpenseNet": 2,
        "year": 2017
      },
      {
        "costOfGoodsSold": 11344,
        "dilutedAverageSharesOutstanding": 166,
        "dilutedEPS": 2.56,
        "ebit": 820,
        "grossIncome": 2328,
        "interestIncomeExpense": -147,
        "netIncome": 425,
        "netIncomeAfterTaxes": 425,
        "nonRecurringItems": -2,
        "period": "2016-12-31",
        "pretaxIncome": 673,
        "provisionforIncomeTaxes": 248,
        "revenue": 13673,
        "sgaExpense": 1508,
        "totalOperatingExpense": 1509,
        "totalOtherIncomeExpenseNet": 2,
        "year": 2016
      },
      {
        "costOfGoodsSold": 10873,
        "dilutedAverageSharesOutstanding": 172,
        "dilutedEPS": 2.35,
        "ebit": 742,
        "grossIncome": 2116,
        "interestIncomeExpense": -61,
        "netIncome": 403,
        "netIncomeAfterTaxes": 403,
        "nonRecurringItems": -24,
        "period": "2015-12-31",
        "pretaxIncome": 647,
        "provisionforIncomeTaxes": 244,
        "revenue": 12989,
        "sgaExpense": 1374,
        "totalOperatingExpense": 1374,
        "totalOtherIncomeExpenseNet": -9,
        "year": 2015
      }
    ],
    "symbol": "CDW"
  }
}