{
  "symbol": "ABNB",
  "statement": "ic",
  "frequency": "annual",
  "timestamp": "2025-09-19T13:55:24.267587",
  "data": {
    "financials": [
      {
        "costOfGoodsSold": 3160,
        "dilutedAverageSharesOutstanding": 645,
        "dilutedEPS": 4.1054,
        "ebit": 2553,
        "grossIncome": 7942,
        "interestIncomeExpense": 818,
        "netIncome": 2648,
        "netIncomeAfterTaxes": 2648,
        "nonRecurringItems": 0,
        "period": "2024-12-31",
        "pretaxIncome": 3331,
        "provisionforIncomeTaxes": 683,
        "researchDevelopment": 2056,
        "revenue": 11102,
        "sgaExpense": 3333,
        "totalOperatingExpense": 5389,
        "totalOtherIncomeExpenseNet": -40,
        "year": 2024
      },
      {
        "costOfGoodsSold": 2889,
        "dilutedAverageSharesOutstanding": 662,
        "dilutedEPS": 7.2387,
        "ebit": 1518,
        "grossIncome": 7028,
        "interestExpense": 83,
        "interestIncomeExpense": 644,
        "netIncome": 4792,
        "netIncomeAfterTaxes": 4792,
        "nonRecurringItems": 0,
        "period": "2023-12-31",
        "pretaxIncome": 2102,
        "provisionforIncomeTaxes": -2690,
        "researchDevelopment": 1722,
        "revenue": 9917,
        "sgaExpense": 3788,
        "totalOperatingExpense": 5510,
        "totalOtherIncomeExpenseNet": -60,
        "year": 2023
      },
      {
        "costOfGoodsSold": 2540,
        "dilutedAverageSharesOutstanding": 680,
        "dilutedEPS": 2.79,
        "ebit": 1891,
        "grossIncome": 5859,
        "interestExpense": 24,
        "interestIncomeExpense": 167.4,
        "netIncome": 1893,
        "netIncomeAfterTaxes": 1893,
        "nonRecurringItems": -89,
        "period": "2022-12-31",
        "pretaxIncome": 1989,
        "provisionforIncomeTaxes": 96,
        "researchDevelopment": 1502,
        "revenue": 8399,
        "sgaExpense": 2466,
        "totalOperatingExpense": 3968,
        "totalOtherIncomeExpenseNet": 19.6,
        "year": 2022
      },
      {
        "costOfGoodsSold": 2002.9,
        "dilutedAverageSharesOutstanding": 615.9,
        "dilutedEPS": -0.57,
        "ebit": 546,
        "grossIncome": 3988.9,
        "interestExpense": 60.399,
        "interestIncomeExpense": -64.6,
        "netIncome": -352,
        "netIncomeAfterTaxes": -352,
        "nonRecurringItems": -493.9,
        "period": "2021-12-31",
        "pretaxIncome": -300.2,
        "provisionforIncomeTaxes": 51.8,
        "researchDevelopment": 1425,
        "revenue": 5991.8,
        "sgaExpense": 2017.8,
        "totalOperatingExpense": 3442.8,
        "totalOtherIncomeExpenseNet": -287.8,
        "year": 2021
      },
      {
        "costOfGoodsSold": 1753.9,
        "dilutedAverageSharesOutstanding": 608.4,
        "dilutedEPS": -7.54,
        "ebit": -3434.8,
        "grossIncome": 1624.3,
        "interestExpense": 171.688,
        "interestIncomeExpense": -174.5,
        "netIncome": -4584.7,
        "netIncomeAfterTaxes": -4584.7,
        "nonRecurringItems": -184.3,
        "period": "2020-12-31",
        "pretaxIncome": -4681.9,
        "provisionforIncomeTaxes": -97.2,
        "researchDevelopment": 2752.9,
        "revenue": 3378.2,
        "sgaExpense": 2306.3,
        "totalOperatingExpense": 5059.1,
        "totalOtherIncomeExpenseNet": -888.3,
        "year": 2020
      },
      {
        "costOfGoodsSold": 2011.4,
        "dilutedAverageSharesOutstanding": 596.1,
        "dilutedEPS": -1.13,
        "ebit": -497.6,
        "grossIncome": 2793.9,
        "interestExpense": 9.968,
        "interestIncomeExpense": 107.7,
        "netIncome": -674.3,
        "netIncomeAfterTaxes": -674.3,
        "nonRecurringItems": -13.7,
        "period": "2019-12-31",
        "pretaxIncome": -411.7,
        "provisionforIncomeTaxes": 262.6,
        "researchDevelopment": 976.7,
        "revenue": 4805.2,
        "sgaExpense": 2314.8,
        "totalOperatingExpense": 3291.5,
        "totalOtherIncomeExpenseNet": -8.1,
        "year": 2019
      },
      {
        "costOfGoodsSold": 1473.2,
        "dilutedAverageSharesOutstanding": 596.1,
        "dilutedEPS": -0.03,
        "ebit": 18.7,
        "grossIncome": 2178.8,
        "interestExpense": 26.143,
        "interestIncomeExpense": 37.5,
        "netIncome": -16.9,
        "netIncomeAfterTaxes": -16.9,
        "nonRecurringItems": 0,
        "period": "2018-12-31",
        "pretaxIncome": 47,
        "provisionforIncomeTaxes": 63.9,
        "researchDevelopment": 579.2,
        "revenue": 3652,
        "sgaExpense": 1580.8,
        "totalOperatingExpense": 2160,
        "totalOtherIncomeExpenseNet": -9.2,
        "year": 2018
      },
      {
        "costOfGoodsSold": 1043.4,
        "dilutedAverageSharesOutstanding": 596.1,
        "dilutedEPS": -0.12,
        "ebit": -81.4,
        "grossIncome": 1518.3,
        "interestExpense": 16.403,
        "interestIncomeExpense": 16.5,
        "netIncome": -70,
        "netIncomeAfterTaxes": -70,
        "nonRecurringItems": 0,
        "period": "2017-12-31",
        "pretaxIncome": -59.1,
        "provisionforIncomeTaxes": 10.9,
        "researchDevelopment": 400.7,
        "revenue": 2561.7,
        "sgaExpense": 1198.9,
        "totalOperatingExpense": 1599.7,
        "totalOtherIncomeExpenseNet": 5.8,
        "year": 2017
      },
      {
        "costOfGoodsSold": 683,
        "dilutedAverageSharesOutstanding": 596.1,
        "dilutedEPS": -0.4,
        "ebit": -133,
        "grossIncome": 972.5,
        "interestExpense": 12.254,
        "interestIncomeExpense": -0.7,
        "netIncome": -239.8,
        "netIncomeAfterTaxes": -147.4,
        "nonRecurringItems": 0,
        "period": "2016-12-31",
        "pretaxIncome": -136.3,
        "provisionforIncomeTaxes": 11,
        "researchDevelopment": 228.1,
        "revenue": 1655.6,
        "sgaExpense": 877.5,
        "totalOperatingExpense": 1105.6,
        "totalOtherIncomeExpenseNet": -2.6,
        "year": 2016
      },
      {
        "costOfGoodsSold": 407.7,
        "dilutedAverageSharesOutstanding": 596.1,
        "dilutedEPS": -0.23,
        "ebit": -123.7,
        "grossIncome": 511.4,
        "interestExpense": 7.902,
        "interestIncomeExpense": -3.9,
        "netIncome": -135.4,
        "netIncomeAfterTaxes": -135.4,
        "nonRecurringItems": 0,
        "period": "2015-12-31",
        "pretaxIncome": -130.8,
        "provisionforIncomeTaxes": 4.6,
        "researchDevelopment": 99.7,
        "revenue": 919,
        "sgaExpense": 535.4,
        "totalOperatingExpense": 635,
        "totalOtherIncomeExpenseNet": -3.2,
        "year": 2015
      }
    ],
    "symbol": "ABNB"
  }
}