{
  "symbol": "CSX",
  "statement": "ic",
  "frequency": "annual",
  "timestamp": "2025-09-19T13:58:43.880470",
  "data": {
    "financials": [
      {
        "costOfGoodsSold": 4020,
        "depreciationAmortization": 1658,
        "dilutedAverageSharesOutstanding": 1943,
        "dilutedEPS": 1.7859,
        "ebit": 5342,
        "grossIncome": 10520,
        "interestExpense": 832,
        "interestIncomeExpense": -747,
        "netIncome": 3470,
        "netIncomeAfterTaxes": 3470,
        "nonRecurringItems": -97,
        "period": "2024-12-31",
        "pretaxIncome": 4555,
        "provisionforIncomeTaxes": 1085,
        "revenue": 14540,
        "sgaExpense": 3520,
        "totalOperatingExpense": 5178,
        "totalOtherIncomeExpenseNet": 57,
        "year": 2024
      },
      {
        "costOfGoodsSold": 4179,
        "depreciationAmortization": 1607,
        "dilutedAverageSharesOutstanding": 2013,
        "dilutedEPS": 1.8222,
        "ebit": 5465,
        "grossIncome": 10478,
        "interestExpense": 809,
        "interestIncomeExpense": -730,
        "netIncome": 3668,
        "netIncomeAfterTaxes": 3668,
        "nonRecurringItems": 34,
        "period": "2023-12-31",
        "pretaxIncome": 4829,
        "provisionforIncomeTaxes": 1161,
        "revenue": 14657,
        "sgaExpense": 3406,
        "totalOperatingExpense": 5013,
        "totalOtherIncomeExpenseNet": 60,
        "year": 2023
      },
      {
        "costOfGoodsSold": 4311,
        "depreciationAmortization": 1500,
        "dilutedAverageSharesOutstanding": 2141,
        "dilutedEPS": 1.95,
        "ebit": 5785,
        "grossIncome": 10542,
        "interestExpense": 742,
        "interestIncomeExpense": -700,
        "netIncome": 4166,
        "netIncomeAfterTaxes": 4166,
        "nonRecurringItems": 238,
        "period": "2022-12-31",
        "pretaxIncome": 5414,
        "provisionforIncomeTaxes": 1248,
        "revenue": 14853,
        "sgaExpense": 3257,
        "totalOperatingExpense": 4757,
        "totalOtherIncomeExpenseNet": 91,
        "year": 2022
      },
      {
        "costOfGoodsSold": 3048,
        "depreciationAmortization": 1420,
        "dilutedAverageSharesOutstanding": 2255,
        "dilutedEPS": 1.68,
        "ebit": 5140,
        "grossIncome": 9474,
        "interestExpense": 722,
        "interestIncomeExpense": -715,
        "netIncome": 3781,
        "netIncomeAfterTaxes": 3781,
        "nonRecurringItems": 454,
        "period": "2021-12-31",
        "pretaxIncome": 4951,
        "provisionforIncomeTaxes": 1170,
        "revenue": 12522,
        "sgaExpense": 2914,
        "totalOperatingExpense": 4334,
        "totalOtherIncomeExpenseNet": 72,
        "year": 2021
      },
      {
        "costOfGoodsSold": 2225,
        "depreciationAmortization": 1383,
        "dilutedAverageSharesOutstanding": 2304,
        "dilutedEPS": 1.2,
        "ebit": 4362,
        "grossIncome": 8358,
        "interestExpense": 754,
        "interestIncomeExpense": -737,
        "netIncome": 2765,
        "netIncomeAfterTaxes": 2765,
        "nonRecurringItems": -48,
        "period": "2020-12-31",
        "pretaxIncome": 3627,
        "provisionforIncomeTaxes": 862,
        "revenue": 10583,
        "sgaExpense": 2613,
        "totalOperatingExpense": 3996,
        "totalOtherIncomeExpenseNet": 50,
        "year": 2020
      },
      {
        "costOfGoodsSold": 2690,
        "depreciationAmortization": 1349,
        "dilutedAverageSharesOutstanding": 2394,
        "dilutedEPS": 1.39,
        "ebit": 4874,
        "grossIncome": 9247,
        "interestExpense": 737,
        "interestIncomeExpense": -598,
        "netIncome": 3331,
        "netIncomeAfterTaxes": 3331,
        "nonRecurringItems": 0,
        "period": "2019-12-31",
        "pretaxIncome": 4316,
        "provisionforIncomeTaxes": 985,
        "revenue": 11937,
        "sgaExpense": 3024,
        "totalOperatingExpense": 4373,
        "totalOtherIncomeExpenseNet": 40,
        "year": 2019
      },
      {
        "costOfGoodsSold": 3013,
        "depreciationAmortization": 1331,
        "dilutedAverageSharesOutstanding": 2583,
        "dilutedEPS": 1.28,
        "ebit": 4773,
        "grossIncome": 9237,
        "interestExpense": 639,
        "interestIncomeExpense": -511,
        "netIncome": 3308,
        "netIncomeAfterTaxes": 3309,
        "nonRecurringItems": 0,
        "period": "2018-12-31",
        "pretaxIncome": 4304,
        "provisionforIncomeTaxes": 995,
        "revenue": 12250,
        "sgaExpense": 3133,
        "totalOperatingExpense": 4464,
        "totalOtherIncomeExpenseNet": 42,
        "year": 2018
      },
      {
        "costOfGoodsSold": 2977,
        "depreciationAmortization": 1315,
        "dilutedAverageSharesOutstanding": 2742,
        "dilutedEPS": 1.99,
        "ebit": 3741,
        "grossIncome": 8431,
        "interestExpense": 546,
        "interestIncomeExpense": -314,
        "netIncome": 5470,
        "netIncomeAfterTaxes": 1965,
        "nonRecurringItems": -325,
        "period": "2017-12-31",
        "pretaxIncome": 3142,
        "provisionforIncomeTaxes": 1177,
        "revenue": 11408,
        "sgaExpense": 3375,
        "totalOperatingExpense": 4690,
        "totalOtherIncomeExpenseNet": 40,
        "year": 2017
      },
      {
        "costOfGoodsSold": 2805,
        "depreciationAmortization": 1301,
        "dilutedAverageSharesOutstanding": 2844,
        "dilutedEPS": 0.6,
        "ebit": 3363,
        "grossIncome": 8264,
        "interestExpense": 579,
        "interestIncomeExpense": -519,
        "netIncome": 1713,
        "netIncomeAfterTaxes": 1714,
        "nonRecurringItems": -115,
        "period": "2016-12-30",
        "pretaxIncome": 2741,
        "provisionforIncomeTaxes": 1027,
        "revenue": 11069,
        "sgaExpense": 3600,
        "totalOperatingExpense": 4901,
        "totalOtherIncomeExpenseNet": 12,
        "year": 2016
      },
      {
        "costOfGoodsSold": 3293,
        "depreciationAmortization": 1208,
        "dilutedAverageSharesOutstanding": 2952,
        "dilutedEPS": 0.67,
        "ebit": 3584,
        "grossIncome": 8518,
        "interestExpense": 544,
        "interestIncomeExpense": -538,
        "netIncome": 1967,
        "netIncomeAfterTaxes": 1968,
        "period": "2015-12-25",
        "pretaxIncome": 3138,
        "provisionforIncomeTaxes": 1170,
        "revenue": 11811,
        "sgaExpense": 3726,
        "totalOperatingExpense": 4934,
        "totalOtherIncomeExpenseNet": 92,
        "year": 2015
      }
    ],
    "symbol": "CSX"
  }
}