{
  "symbol": "PG",
  "statement": "ic",
  "frequency": "quarterly",
  "timestamp": "2025-09-19T14:05:44.326291",
  "data": {
    "financials": [
      {
        "costOfGoodsSold": 10572,
        "dilutedAverageSharesOutstanding": 2443.6,
        "dilutedEPS": 1.44,
        "ebit": 4480,
        "grossIncome": 10317,
        "interestExpense": 212,
        "interestIncomeExpense": -108,
        "minorityInterest": -11,
        "netIncome": 3538,
        "netIncomeAfterTaxes": 3626,
        "nonRecurringItems": -127,
        "otherOperatingExpensesTotal": -1,
        "period": "2025-06-30",
        "pretaxIncome": 4521,
        "provisionforIncomeTaxes": 895,
        "revenue": 20889,
        "sgaExpense": 5838,
        "totalOperatingExpense": 5837,
        "totalOtherIncomeExpenseNet": 276
      },
      {
        "costOfGoodsSold": 9671,
        "dilutedAverageSharesOutstanding": 2449.8,
        "dilutedEPS": 1.5,
        "ebit": 4607,
        "grossIncome": 10105,
        "interestExpense": 217,
        "interestIncomeExpense": -106,
        "minorityInterest": -23,
        "netIncome": 3698,
        "netIncomeAfterTaxes": 3793,
        "nonRecurringItems": -55,
        "period": "2025-03-31",
        "pretaxIncome": 4661,
        "provisionforIncomeTaxes": 868,
        "revenue": 19776,
        "sgaExpense": 5498,
        "totalOperatingExpense": 5498,
        "totalOtherIncomeExpenseNet": 215
      },
      {
        "costOfGoodsSold": 10390,
        "dilutedAverageSharesOutstanding": 2458.1,
        "dilutedEPS": 1.85,
        "ebit": 5794,
        "grossIncome": 11492,
        "interestExpense": 240,
        "interestIncomeExpense": -121,
        "minorityInterest": -29,
        "netIncome": 4558,
        "netIncomeAfterTaxes": 4658,
        "nonRecurringItems": -48,
        "period": "2024-12-31",
        "pretaxIncome": 5845,
        "provisionforIncomeTaxes": 1187,
        "revenue": 21882,
        "sgaExpense": 5698,
        "totalOperatingExpense": 5698,
        "totalOtherIncomeExpenseNet": 220
      },
      {
        "costOfGoodsSold": 10380,
        "dilutedAverageSharesOutstanding": 2466,
        "dilutedEPS": 1.57,
        "ebit": 5892,
        "grossIncome": 11357,
        "interestExpense": 238,
        "interestIncomeExpense": -103,
        "minorityInterest": -28,
        "netIncome": 3887,
        "netIncomeAfterTaxes": 3988,
        "nonRecurringItems": -886,
        "period": "2024-09-30",
        "pretaxIncome": 5140,
        "provisionforIncomeTaxes": 1152,
        "revenue": 21737,
        "sgaExpense": 5465,
        "totalOperatingExpense": 5465,
        "totalOtherIncomeExpenseNet": 237
      },
      {
        "costOfGoodsSold": 10254,
        "dilutedAverageSharesOutstanding": 2472.2,
        "dilutedEPS": 1.23,
        "ebit": 4041,
        "grossIncome": 10278,
        "interestExpense": 220,
        "interestIncomeExpense": -113,
        "minorityInterest": -7,
        "netIncome": 3062,
        "netIncomeAfterTaxes": 3144,
        "nonRecurringItems": -406,
        "period": "2024-06-30",
        "pretaxIncome": 3870,
        "provisionforIncomeTaxes": 726,
        "revenue": 20532,
        "sgaExpense": 6237,
        "totalOperatingExpense": 6237,
        "totalOtherIncomeExpenseNet": 348
      },
      {
        "costOfGoodsSold": 9811,
        "dilutedAverageSharesOutstanding": 2472,
        "dilutedEPS": 1.49,
        "ebit": 4529,
        "grossIncome": 10384,
        "interestExpense": 233,
        "interestIncomeExpense": -129,
        "minorityInterest": -27,
        "netIncome": 3685,
        "netIncomeAfterTaxes": 3780,
        "nonRecurringItems": -70,
        "period": "2024-03-31",
        "pretaxIncome": 4592,
        "provisionforIncomeTaxes": 812,
        "revenue": 20195,
        "sgaExpense": 5855,
        "totalOperatingExpense": 5855,
        "totalOtherIncomeExpenseNet": 262
      },
      {
        "costOfGoodsSold": 10096,
        "dilutedAverageSharesOutstanding": 2468.4,
        "dilutedEPS": 1.37,
        "ebit": 5861,
        "grossIncome": 11345,
        "interestExpense": 248,
        "interestIncomeExpense": -115,
        "minorityInterest": -25,
        "netIncome": 3398,
        "netIncomeAfterTaxes": 3493,
        "nonRecurringItems": -1428,
        "otherOperatingExpensesTotal": 1,
        "period": "2023-12-31",
        "pretaxIncome": 4496,
        "provisionforIncomeTaxes": 1003,
        "revenue": 21441,
        "sgaExpense": 5483,
        "totalOperatingExpense": 5484,
        "totalOtherIncomeExpenseNet": 178
      },
      {
        "costOfGoodsSold": 10501,
        "dilutedAverageSharesOutstanding": 2475.2,
        "dilutedEPS": 1.79,
        "ebit": 5767,
        "grossIncome": 11370,
        "interestExpense": 225,
        "interestIncomeExpense": -97,
        "minorityInterest": -35,
        "netIncome": 4450,
        "netIncomeAfterTaxes": 4556,
        "otherOperatingExpensesTotal": -1,
        "period": "2023-09-30",
        "pretaxIncome": 5802,
        "provisionforIncomeTaxes": 1246,
        "revenue": 21871,
        "sgaExpense": 5604,
        "totalOperatingExpense": 5603,
        "totalOtherIncomeExpenseNet": 132
      },
      {
        "costOfGoodsSold": 10613,
        "dilutedAverageSharesOutstanding": 2477.6,
        "dilutedEPS": 1.33,
        "ebit": 4162,
        "grossIncome": 9940,
        "interestExpense": 240,
        "interestIncomeExpense": -124,
        "minorityInterest": -8,
        "netIncome": 3312,
        "netIncomeAfterTaxes": 3392,
        "period": "2023-06-30",
        "pretaxIncome": 4233,
        "provisionforIncomeTaxes": 841,
        "revenue": 20553,
        "sgaExpense": 5778,
        "totalOperatingExpense": 5778,
        "totalOtherIncomeExpenseNet": 195
      },
      {
        "costOfGoodsSold": 10404,
        "dilutedAverageSharesOutstanding": 2473.2,
        "dilutedEPS": 1.34,
        "ebit": 4248,
        "grossIncome": 9664,
        "interestExpense": 222,
        "interestIncomeExpense": -139,
        "minorityInterest": -27,
        "netIncome": 3328,
        "netIncomeAfterTaxes": 3424,
        "period": "2023-03-31",
        "pretaxIncome": 4288,
        "provisionforIncomeTaxes": 864,
        "revenue": 20068,
        "sgaExpense": 5416,
        "totalOperatingExpense": 5416,
        "totalOtherIncomeExpenseNet": 179
      },
      {
        "costOfGoodsSold": 10897,
        "dilutedAverageSharesOutstanding": 2481.2,
        "dilutedEPS": 1.55,
        "ebit": 4785,
        "grossIncome": 9876,
        "interestExpense": 171,
        "interestIncomeExpense": -105,
        "minorityInterest": -26,
        "netIncome": 3863,
        "netIncomeAfterTaxes": 3959,
        "period": "2022-12-31",
        "pretaxIncome": 4835,
        "provisionforIncomeTaxes": 876,
        "revenue": 20773,
        "sgaExpense": 5091,
        "totalOperatingExpense": 5091,
        "totalOtherIncomeExpenseNet": 155
      },
      {
        "costOfGoodsSold": 10846,
        "dilutedAverageSharesOutstanding": 2503.6,
        "dilutedEPS": 1.54,
        "ebit": 4939,
        "grossIncome": 9766,
        "interestExpense": 123,
        "interestIncomeExpense": -81,
        "minorityInterest": -24,
        "netIncome": 3868,
        "netIncomeAfterTaxes": 3963,
        "period": "2022-09-30",
        "pretaxIncome": 4997,
        "provisionforIncomeTaxes": 1034,
        "revenue": 20612,
        "sgaExpense": 4827,
        "totalOperatingExpense": 4827,
        "totalOtherIncomeExpenseNet": 139
      },
      {
        "costOfGoodsSold": 10802,
        "dilutedAverageSharesOutstanding": 2523.2,
        "dilutedEPS": 1.18,
        "ebit": 3598,
        "grossIncome": 8713,
        "interestExpense": 115,
        "interestIncomeExpense": -94,
        "minorityInterest": -6,
        "netIncome": 2979,
        "netIncomeAfterTaxes": 3058,
        "period": "2022-06-30",
        "pretaxIncome": 3650,
        "provisionforIncomeTaxes": 592,
        "revenue": 19515,
        "sgaExpense": 5115,
        "totalOperatingExpense": 5115,
        "totalOtherIncomeExpenseNet": 146
      },
      {
        "costOfGoodsSold": 10326,
        "dilutedAverageSharesOutstanding": 2530.2,
        "dilutedEPS": 1.29,
        "ebit": 4024,
        "grossIncome": 9055,
        "interestExpense": 109,
        "interestIncomeExpense": -100,
        "minorityInterest": -12,
        "netIncome": 3287,
        "netIncomeAfterTaxes": 3367,
        "period": "2022-03-31",
        "pretaxIncome": 4071,
        "provisionforIncomeTaxes": 704,
        "revenue": 19381,
        "sgaExpense": 5031,
        "totalOperatingExpense": 5031,
        "totalOtherIncomeExpenseNet": 147
      },
      {
        "costOfGoodsSold": 10664,
        "dilutedAverageSharesOutstanding": 2544.2,
        "dilutedEPS": 1.63,
        "ebit": 5168,
        "grossIncome": 10289,
        "interestExpense": 106,
        "interestIncomeExpense": -96,
        "minorityInterest": -19,
        "netIncome": 4153,
        "netIncomeAfterTaxes": 4242,
        "period": "2021-12-31",
        "pretaxIncome": 5239,
        "provisionforIncomeTaxes": 997,
        "revenue": 20953,
        "sgaExpense": 5121,
        "totalOperatingExpense": 5121,
        "totalOtherIncomeExpenseNet": 167
      },
      {
        "costOfGoodsSold": 10365,
        "dilutedAverageSharesOutstanding": 2558.9,
        "dilutedEPS": 1.57,
        "ebit": 5023,
        "grossIncome": 9973,
        "interestExpense": 109,
        "interestIncomeExpense": -98,
        "minorityInterest": -14,
        "netIncome": 4042,
        "netIncomeAfterTaxes": 4126,
        "period": "2021-09-30",
        "pretaxIncome": 5035,
        "provisionforIncomeTaxes": 909,
        "revenue": 20338,
        "sgaExpense": 4950,
        "totalOperatingExpense": 4950,
        "totalOtherIncomeExpenseNet": 110
      },
      {
        "costOfGoodsSold": 9791,
        "dilutedAverageSharesOutstanding": 2572.8,
        "dilutedEPS": 1.1,
        "ebit": 3540,
        "grossIncome": 9155,
        "interestExpense": 117,
        "interestIncomeExpense": -102,
        "minorityInterest": -2,
        "netIncome": 2832,
        "netIncomeAfterTaxes": 2908,
        "nonRecurringItems": 0,
        "period": "2021-06-30",
        "pretaxIncome": 3564,
        "provisionforIncomeTaxes": 656,
        "revenue": 18946,
        "sgaExpense": 5615,
        "totalOperatingExpense": 5615,
        "totalOtherIncomeExpenseNet": 126
      },
      {
        "costOfGoodsSold": 8922,
        "dilutedAverageSharesOutstanding": 2590.3,
        "dilutedEPS": 1.23,
        "ebit": 3785,
        "grossIncome": 9187,
        "interestExpense": 106,
        "interestIncomeExpense": -95,
        "minorityInterest": 20,
        "netIncome": 3204,
        "netIncomeAfterTaxes": 3249,
        "period": "2021-03-31",
        "pretaxIncome": 3877,
        "provisionforIncomeTaxes": 628,
        "revenue": 18109,
        "sgaExpense": 5402,
        "totalOperatingExpense": 5402,
        "totalOtherIncomeExpenseNet": 187
      },
      {
        "costOfGoodsSold": 9253,
        "dilutedAverageSharesOutstanding": 2615.4,
        "dilutedEPS": 1.44,
        "ebit": 5380,
        "grossIncome": 10492,
        "interestExpense": 143,
        "interestIncomeExpense": -134,
        "minorityInterest": -33,
        "netIncome": 3788,
        "netIncomeAfterTaxes": 3887,
        "period": "2020-12-31",
        "pretaxIncome": 4877,
        "provisionforIncomeTaxes": 990,
        "revenue": 19745,
        "sgaExpense": 5112,
        "totalOperatingExpense": 5112,
        "totalOtherIncomeExpenseNet": -369
      },
      {
        "costOfGoodsSold": 9142,
        "dilutedAverageSharesOutstanding": 2625.3,
        "dilutedEPS": 1.6,
        "ebit": 5281,
        "grossIncome": 10176,
        "interestExpense": 136,
        "interestIncomeExpense": -126,
        "minorityInterest": -31,
        "netIncome": 4211,
        "netIncomeAfterTaxes": 4308,
        "period": "2020-09-30",
        "pretaxIncome": 5297,
        "provisionforIncomeTaxes": 989,
        "revenue": 19318,
        "sgaExpense": 4895,
        "totalOperatingExpense": 4895,
        "totalOtherIncomeExpenseNet": 142
      },
      {
        "costOfGoodsSold": 8659,
        "dilutedAverageSharesOutstanding": 2612.3,
        "dilutedEPS": 1.04,
        "ebit": 3725,
        "grossIncome": 9039,
        "interestExpense": 157,
        "interestIncomeExpense": -21,
        "minorityInterest": 14,
        "netIncome": 2730,
        "netIncomeAfterTaxes": 2786,
        "nonRecurringItems": -362,
        "period": "2020-06-30",
        "pretaxIncome": 3461,
        "provisionforIncomeTaxes": 675,
        "revenue": 17698,
        "sgaExpense": 5314,
        "totalOperatingExpense": 5314,
        "totalOtherIncomeExpenseNet": 119
      },
      {
        "costOfGoodsSold": 8518,
        "dilutedAverageSharesOutstanding": 2613.3,
        "dilutedEPS": 1.09,
        "ebit": 3711,
        "grossIncome": 8696,
        "interestExpense": 100,
        "interestIncomeExpense": -100,
        "minorityInterest": -40,
        "netIncome": 2853,
        "netIncomeAfterTaxes": 2957,
        "nonRecurringItems": -222,
        "period": "2020-03-31",
        "pretaxIncome": 3498,
        "provisionforIncomeTaxes": 541,
        "revenue": 17214,
        "sgaExpense": 4985,
        "totalOperatingExpense": 4985,
        "totalOtherIncomeExpenseNet": 109
      },
      {
        "costOfGoodsSold": 8806,
        "dilutedAverageSharesOutstanding": 2630.1,
        "dilutedEPS": 1.38,
        "ebit": 4640,
        "grossIncome": 9434,
        "interestExpense": 100,
        "interestIncomeExpense": -122,
        "minorityInterest": -26,
        "netIncome": 3653,
        "netIncomeAfterTaxes": 3743,
        "nonRecurringItems": -105,
        "period": "2019-12-31",
        "pretaxIncome": 4532,
        "provisionforIncomeTaxes": 789,
        "revenue": 18240,
        "sgaExpense": 4794,
        "totalOperatingExpense": 4794,
        "totalOtherIncomeExpenseNet": 119
      },
      {
        "costOfGoodsSold": 8653,
        "dilutedAverageSharesOutstanding": 2647.5,
        "dilutedEPS": 1.33,
        "ebit": 4389,
        "grossIncome": 9145,
        "interestExpense": 108,
        "interestIncomeExpense": -57,
        "minorityInterest": -24,
        "netIncome": 3528,
        "netIncomeAfterTaxes": 3617,
        "nonRecurringItems": -93,
        "period": "2019-09-30",
        "pretaxIncome": 4343,
        "provisionforIncomeTaxes": 726,
        "revenue": 17798,
        "sgaExpense": 4756,
        "totalOperatingExpense": 4756,
        "totalOtherIncomeExpenseNet": 104
      },
      {
        "costOfGoodsSold": 8410,
        "dilutedAverageSharesOutstanding": 2653.5,
        "dilutedEPS": -2,
        "ebit": 3741,
        "grossIncome": 8684,
        "interestExpense": 111,
        "interestIncomeExpense": -8,
        "minorityInterest": -4,
        "netIncome": -5309,
        "netIncomeAfterTaxes": -5237,
        "nonRecurringItems": -8985,
        "period": "2019-06-30",
        "pretaxIncome": -5065,
        "provisionforIncomeTaxes": 172,
        "revenue": 17094,
        "sgaExpense": 4943,
        "totalOperatingExpense": 4943,
        "totalOtherIncomeExpenseNet": 187
      },
      {
        "costOfGoodsSold": 8342,
        "dilutedAverageSharesOutstanding": 2637.7,
        "dilutedEPS": 1.02,
        "ebit": 3247,
        "grossIncome": 8120,
        "interestExpense": 131,
        "interestIncomeExpense": 17,
        "minorityInterest": -31,
        "netIncome": 2681,
        "netIncomeAfterTaxes": 2776,
        "nonRecurringItems": -116,
        "period": "2019-03-31",
        "pretaxIncome": 3278,
        "provisionforIncomeTaxes": 502,
        "revenue": 16462,
        "sgaExpense": 4873,
        "totalOperatingExpense": 4873,
        "totalOtherIncomeExpenseNet": 130
      },
      {
        "costOfGoodsSold": 8776,
        "dilutedAverageSharesOutstanding": 2623,
        "dilutedEPS": 1.19,
        "ebit": 4027,
        "grossIncome": 8662,
        "interestExpense": 138,
        "interestIncomeExpense": -38,
        "minorityInterest": -22,
        "netIncome": 3129,
        "netIncomeAfterTaxes": 3216,
        "nonRecurringItems": -177,
        "period": "2018-12-31",
        "pretaxIncome": 3916,
        "provisionforIncomeTaxes": 700,
        "revenue": 17438,
        "sgaExpense": 4635,
        "totalOperatingExpense": 4635,
        "totalOtherIncomeExpenseNet": 104
      },
      {
        "costOfGoodsSold": 8420,
        "dilutedAverageSharesOutstanding": 2612.1,
        "dilutedEPS": 1.2,
        "ebit": 3716,
        "grossIncome": 8270,
        "interestExpense": 129,
        "interestIncomeExpense": -102,
        "minorityInterest": -12,
        "netIncome": 3133,
        "netIncomeAfterTaxes": 3211,
        "nonRecurringItems": 218,
        "period": "2018-09-30",
        "pretaxIncome": 3940,
        "provisionforIncomeTaxes": 729,
        "revenue": 16690,
        "sgaExpense": 4554,
        "totalOperatingExpense": 4554,
        "totalOtherIncomeExpenseNet": 108
      },
      {
        "costOfGoodsSold": 9070,
        "dilutedAverageSharesOutstanding": 2621,
        "dilutedEPS": 0.68,
        "ebit": 2728,
        "grossIncome": 7433,
        "interestExpense": 136,
        "interestIncomeExpense": -214,
        "minorityInterest": 1,
        "netIncome": 1824,
        "netIncomeAfterTaxes": 1790,
        "nonRecurringItems": 0,
        "period": "2018-06-30",
        "pretaxIncome": 2289,
        "provisionforIncomeTaxes": 499,
        "revenue": 16503,
        "sgaExpense": 4705,
        "totalOperatingExpense": 4705,
        "totalOtherIncomeExpenseNet": -225
      },
      {
        "costOfGoodsSold": 8384,
        "dilutedAverageSharesOutstanding": 2645.6,
        "dilutedEPS": 0.92,
        "ebit": 3132,
        "grossIncome": 7897,
        "interestExpense": 133,
        "interestIncomeExpense": 13,
        "minorityInterest": -29,
        "netIncome": 2437,
        "netIncomeAfterTaxes": 2640,
        "period": "2018-03-31",
        "pretaxIncome": 3253,
        "provisionforIncomeTaxes": 613,
        "revenue": 16281,
        "sgaExpense": 4765,
        "totalOperatingExpense": 4765,
        "totalOtherIncomeExpenseNet": 108
      },
      {
        "costOfGoodsSold": 8709,
        "dilutedAverageSharesOutstanding": 2669.6,
        "dilutedEPS": 0.91,
        "ebit": 3958,
        "grossIncome": 8686,
        "interestExpense": 122,
        "interestIncomeExpense": -95,
        "minorityInterest": -66,
        "netIncome": 2433,
        "netIncomeAfterTaxes": 3161,
        "period": "2017-12-31",
        "pretaxIncome": 4033,
        "provisionforIncomeTaxes": 872,
        "revenue": 17395,
        "sgaExpense": 4728,
        "totalOperatingExpense": 4728,
        "totalOtherIncomeExpenseNet": 170
      },
      {
        "costOfGoodsSold": 8269,
        "dilutedAverageSharesOutstanding": 2690.6,
        "dilutedEPS": 1.03,
        "ebit": 3652,
        "grossIncome": 8384,
        "interestExpense": 115,
        "interestIncomeExpense": -70,
        "minorityInterest": -17,
        "netIncome": 2791,
        "netIncomeAfterTaxes": 2870,
        "period": "2017-09-30",
        "pretaxIncome": 3751,
        "provisionforIncomeTaxes": 881,
        "revenue": 16653,
        "sgaExpense": 4732,
        "totalOperatingExpense": 4732,
        "totalOtherIncomeExpenseNet": 169
      },
      {
        "costOfGoodsSold": 8115,
        "dilutedAverageSharesOutstanding": 2695.4,
        "dilutedEPS": 0.79,
        "ebit": 3198,
        "grossIncome": 7964,
        "interestExpense": 116,
        "interestIncomeExpense": -68,
        "minorityInterest": 13,
        "netIncome": 2152,
        "netIncomeAfterTaxes": 2202,
        "nonRecurringItems": -249,
        "period": "2017-06-30",
        "pretaxIncome": 2927,
        "provisionforIncomeTaxes": 725,
        "revenue": 16079,
        "sgaExpense": 4766,
        "totalOperatingExpense": 4766,
        "totalOtherIncomeExpenseNet": 46
      },
      {
        "costOfGoodsSold": 7704,
        "dilutedAverageSharesOutstanding": 2705.5,
        "dilutedEPS": 0.9,
        "ebit": 3362,
        "grossIncome": 7901,
        "interestExpense": 96,
        "interestIncomeExpense": 105,
        "minorityInterest": -34,
        "netIncome": 2462,
        "netIncomeAfterTaxes": 2556,
        "nonRecurringItems": -157,
        "period": "2017-03-31",
        "pretaxIncome": 3336,
        "provisionforIncomeTaxes": 780,
        "revenue": 15605,
        "sgaExpense": 4539,
        "totalOperatingExpense": 4539,
        "totalOtherIncomeExpenseNet": 26
      },
      {
        "costOfGoodsSold": 8150,
        "dilutedAverageSharesOutstanding": 2737.6,
        "dilutedEPS": 2.85,
        "ebit": 4226,
        "grossIncome": 8706,
        "interestExpense": 122,
        "interestIncomeExpense": -256,
        "minorityInterest": -21,
        "netIncome": 7814,
        "netIncomeAfterTaxes": 2561,
        "nonRecurringItems": -175,
        "period": "2016-12-31",
        "pretaxIncome": 3256,
        "provisionforIncomeTaxes": 695,
        "revenue": 16856,
        "sgaExpense": 4480,
        "totalOperatingExpense": 4480,
        "totalOtherIncomeExpenseNet": -539
      },
      {
        "costOfGoodsSold": 7973,
        "dilutedAverageSharesOutstanding": 2822.9,
        "dilutedEPS": 0.93,
        "ebit": 3921,
        "grossIncome": 8545,
        "interestExpense": 131,
        "interestIncomeExpense": -96,
        "minorityInterest": -43,
        "netIncome": 2651,
        "netIncomeAfterTaxes": 2875,
        "nonRecurringItems": -150,
        "period": "2016-09-30",
        "pretaxIncome": 3738,
        "provisionforIncomeTaxes": 863,
        "revenue": 16518,
        "sgaExpense": 4624,
        "totalOperatingExpense": 4624,
        "totalOtherIncomeExpenseNet": 63
      },
      {
        "costOfGoodsSold": 8109,
        "dilutedAverageSharesOutstanding": 2810.8,
        "dilutedEPS": 0.67,
        "ebit": 2856,
        "grossIncome": 7993,
        "interestExpense": 150,
        "interestIncomeExpense": -103,
        "minorityInterest": -7,
        "netIncome": 1888,
        "netIncomeAfterTaxes": 2008,
        "nonRecurringItems": -354,
        "period": "2016-06-30",
        "pretaxIncome": 2686,
        "provisionforIncomeTaxes": 678,
        "revenue": 16102,
        "sgaExpense": 5137,
        "totalOperatingExpense": 5137,
        "totalOtherIncomeExpenseNet": 287
      },
      {
        "costOfGoodsSold": 7723,
        "dilutedAverageSharesOutstanding": 2835,
        "dilutedEPS": 0.94,
        "ebit": 3351,
        "grossIncome": 8032,
        "interestExpense": 146,
        "interestIncomeExpense": 78,
        "minorityInterest": -33,
        "netIncome": 2687,
        "netIncomeAfterTaxes": 2337,
        "nonRecurringItems": -224,
        "period": "2016-03-31",
        "pretaxIncome": 3226,
        "provisionforIncomeTaxes": 889,
        "revenue": 15755,
        "sgaExpense": 4681,
        "totalOperatingExpense": 4681,
        "totalOtherIncomeExpenseNet": 21
      },
      {
        "costOfGoodsSold": 8297,
        "dilutedAverageSharesOutstanding": 2864.6,
        "dilutedEPS": 1.09,
        "ebit": 4220,
        "grossIncome": 8618,
        "interestExpense": 143,
        "interestIncomeExpense": -243,
        "minorityInterest": -22,
        "netIncome": 3142,
        "netIncomeAfterTaxes": 2905,
        "nonRecurringItems": -209,
        "period": "2015-12-31",
        "pretaxIncome": 3803,
        "provisionforIncomeTaxes": 898,
        "revenue": 16915,
        "sgaExpense": 4398,
        "totalOperatingExpense": 4398,
        "totalOtherIncomeExpenseNet": 35
      },
      {
        "costOfGoodsSold": 8062,
        "dilutedAverageSharesOutstanding": 2867.5,
        "dilutedEPS": 0.88,
        "ebit": 3963,
        "grossIncome": 8465,
        "interestExpense": 140,
        "interestIncomeExpense": -158,
        "minorityInterest": -34,
        "netIncome": 2536,
        "netIncomeAfterTaxes": 2777,
        "nonRecurringItems": -133,
        "period": "2015-09-30",
        "pretaxIncome": 3654,
        "provisionforIncomeTaxes": 877,
        "revenue": 16527,
        "sgaExpense": 4502,
        "totalOperatingExpense": 4502,
        "totalOtherIncomeExpenseNet": -18
      }
    ],
    "symbol": "PG"
  }
}