{
  "symbol": "BKNG",
  "statement": "ic",
  "frequency": "quarterly",
  "timestamp": "2025-09-19T13:56:58.642879",
  "data": {
    "financials": [
      {
        "depreciationAmortization": 158,
        "dilutedAverageSharesOutstanding": 32.619,
        "dilutedEPS": 27.44,
        "ebit": 2288,
        "interestExpense": 418,
        "interestIncomeExpense": -1147,
        "netIncome": 895,
        "netIncomeAfterTaxes": 895,
        "nonRecurringItems": -38,
        "period": "2025-06-30",
        "pretaxIncome": 1104,
        "provisionforIncomeTaxes": 209,
        "revenue": 6798,
        "sgaExpense": 4352,
        "totalOperatingExpense": 4510,
        "totalOtherIncomeExpenseNet": 1
      },
      {
        "depreciationAmortization": 154,
        "dilutedAverageSharesOutstanding": 33.093,
        "dilutedEPS": 10.06,
        "ebit": 1094,
        "interestExpense": 649,
        "interestIncomeExpense": -670,
        "netIncome": 333,
        "netIncomeAfterTaxes": 333,
        "nonRecurringItems": -32,
        "period": "2025-03-31",
        "pretaxIncome": 396,
        "provisionforIncomeTaxes": 63,
        "revenue": 4762,
        "sgaExpense": 3514,
        "totalOperatingExpense": 3668,
        "totalOtherIncomeExpenseNet": 4
      },
      {
        "depreciationAmortization": 157,
        "dilutedAverageSharesOutstanding": 33.422,
        "dilutedEPS": 31.96,
        "ebit": 1763,
        "interestExpense": 507,
        "interestIncomeExpense": -150,
        "netIncome": 1068,
        "netIncomeAfterTaxes": 1068,
        "nonRecurringItems": -34,
        "period": "2024-12-31",
        "pretaxIncome": 1564,
        "provisionforIncomeTaxes": 496,
        "revenue": 5471,
        "sgaExpense": 3551,
        "totalOperatingExpense": 3708,
        "totalOtherIncomeExpenseNet": -15
      },
      {
        "depreciationAmortization": 155,
        "dilutedAverageSharesOutstanding": 33.864,
        "dilutedEPS": 74.33,
        "ebit": 3179,
        "interestExpense": 305,
        "interestIncomeExpense": -311,
        "netIncome": 2517,
        "netIncomeAfterTaxes": 2517,
        "period": "2024-09-30",
        "pretaxIncome": 2869,
        "provisionforIncomeTaxes": 352,
        "revenue": 7994,
        "sgaExpense": 4660,
        "totalOperatingExpense": 4815,
        "totalOtherIncomeExpenseNet": 1
      },
      {
        "depreciationAmortization": 142,
        "dilutedAverageSharesOutstanding": 34.267,
        "dilutedEPS": 44.39,
        "ebit": 1856,
        "interestExpense": 264,
        "interestIncomeExpense": 65,
        "netIncome": 1521,
        "netIncomeAfterTaxes": 1521,
        "period": "2024-06-30",
        "pretaxIncome": 1922,
        "provisionforIncomeTaxes": 401,
        "revenue": 5859,
        "sgaExpense": 3861,
        "totalOperatingExpense": 4003,
        "totalOtherIncomeExpenseNet": 1
      },
      {
        "depreciationAmortization": 137,
        "dilutedAverageSharesOutstanding": 34.706,
        "dilutedEPS": 22.36,
        "ebit": 791,
        "interestExpense": 219,
        "interestIncomeExpense": 144,
        "netIncome": 776,
        "netIncomeAfterTaxes": 776,
        "period": "2024-03-31",
        "pretaxIncome": 937,
        "provisionforIncomeTaxes": 161,
        "revenue": 4415,
        "sgaExpense": 3487,
        "totalOperatingExpense": 3624,
        "totalOtherIncomeExpenseNet": 2
      },
      {
        "depreciationAmortization": 134,
        "dilutedAverageSharesOutstanding": 35.207,
        "dilutedEPS": 6.31,
        "ebit": 610,
        "interestExpense": 208,
        "interestIncomeExpense": -197,
        "netIncome": 222,
        "netIncomeAfterTaxes": 222,
        "nonRecurringItems": -1,
        "period": "2023-12-31",
        "pretaxIncome": 411,
        "provisionforIncomeTaxes": 189,
        "revenue": 4784,
        "sgaExpense": 4040,
        "totalOperatingExpense": 4174,
        "totalOtherIncomeExpenseNet": -1
      },
      {
        "depreciationAmortization": 129,
        "dilutedAverageSharesOutstanding": 35.987,
        "dilutedEPS": 69.78,
        "ebit": 3105,
        "interestExpense": 254,
        "interestIncomeExpense": 50,
        "netIncome": 2511,
        "netIncomeAfterTaxes": 2511,
        "nonRecurringItems": -2,
        "period": "2023-09-30",
        "pretaxIncome": 3149,
        "provisionforIncomeTaxes": 638,
        "revenue": 7341,
        "sgaExpense": 4107,
        "totalOperatingExpense": 4236,
        "totalOtherIncomeExpenseNet": -4
      },
      {
        "depreciationAmortization": 121,
        "dilutedAverageSharesOutstanding": 36.964,
        "dilutedEPS": 34.9,
        "ebit": 1674,
        "interestExpense": 241,
        "interestIncomeExpense": -57,
        "netIncome": 1290,
        "netIncomeAfterTaxes": 1290,
        "nonRecurringItems": -1,
        "period": "2023-06-30",
        "pretaxIncome": 1618,
        "provisionforIncomeTaxes": 328,
        "revenue": 5462,
        "sgaExpense": 3667,
        "totalOperatingExpense": 3788,
        "totalOtherIncomeExpenseNet": 2
      },
      {
        "depreciationAmortization": 120,
        "dilutedAverageSharesOutstanding": 37.983,
        "dilutedEPS": 7,
        "ebit": 451,
        "interestExpense": 194,
        "interestIncomeExpense": -152,
        "netIncome": 266,
        "netIncomeAfterTaxes": 266,
        "nonRecurringItems": -1,
        "period": "2023-03-31",
        "pretaxIncome": 303,
        "provisionforIncomeTaxes": 37,
        "revenue": 3778,
        "sgaExpense": 3207,
        "totalOperatingExpense": 3327,
        "totalOtherIncomeExpenseNet": 5
      },
      {
        "depreciationAmortization": 124,
        "dilutedAverageSharesOutstanding": 38.696,
        "dilutedEPS": 31.92,
        "ebit": 1106,
        "interestExpense": 145,
        "interestIncomeExpense": 110,
        "netIncome": 1235,
        "netIncomeAfterTaxes": 1235,
        "nonRecurringItems": 239,
        "period": "2022-12-31",
        "pretaxIncome": 1452,
        "provisionforIncomeTaxes": 217,
        "revenue": 4049,
        "sgaExpense": 2819,
        "totalOperatingExpense": 2943,
        "totalOtherIncomeExpenseNet": -3
      },
      {
        "depreciationAmortization": 109,
        "dilutedAverageSharesOutstanding": 39.671,
        "dilutedEPS": 42,
        "ebit": 2581,
        "interestExpense": 102,
        "interestIncomeExpense": -411,
        "netIncome": 1666,
        "netIncomeAfterTaxes": 1666,
        "nonRecurringItems": 2,
        "period": "2022-09-30",
        "pretaxIncome": 2176,
        "provisionforIncomeTaxes": 510,
        "revenue": 6052,
        "sgaExpense": 3362,
        "totalOperatingExpense": 3471,
        "totalOtherIncomeExpenseNet": 4
      },
      {
        "depreciationAmortization": 107,
        "dilutedAverageSharesOutstanding": 40.665,
        "dilutedEPS": 21.07,
        "ebit": 1006,
        "interestExpense": 76,
        "interestIncomeExpense": 145,
        "netIncome": 857,
        "netIncomeAfterTaxes": 857,
        "nonRecurringItems": -6,
        "period": "2022-06-30",
        "pretaxIncome": 1144,
        "provisionforIncomeTaxes": 287,
        "revenue": 4294,
        "sgaExpense": 3181,
        "totalOperatingExpense": 3288,
        "totalOtherIncomeExpenseNet": -1
      },
      {
        "depreciationAmortization": 111,
        "dilutedAverageSharesOutstanding": 40.921,
        "dilutedEPS": -17.11,
        "ebit": 210,
        "interestExpense": 68,
        "interestIncomeExpense": -1025,
        "netIncome": -700,
        "netIncomeAfterTaxes": -700,
        "nonRecurringItems": -36,
        "period": "2022-03-31",
        "pretaxIncome": -849,
        "provisionforIncomeTaxes": -149,
        "revenue": 2695,
        "sgaExpense": 2374,
        "totalOperatingExpense": 2485,
        "totalOtherIncomeExpenseNet": 2
      },
      {
        "depreciationAmortization": 98,
        "dilutedAverageSharesOutstanding": 41.371,
        "dilutedEPS": 14.94,
        "ebit": 852,
        "interestExpense": 75,
        "interestIncomeExpense": -32,
        "netIncome": 618,
        "netIncomeAfterTaxes": 618,
        "nonRecurringItems": -4,
        "period": "2021-12-31",
        "pretaxIncome": 816,
        "provisionforIncomeTaxes": 198,
        "revenue": 2981,
        "sgaExpense": 2031,
        "totalOperatingExpense": 2129
      },
      {
        "depreciationAmortization": 102,
        "dilutedAverageSharesOutstanding": 41.342,
        "dilutedEPS": 18.6,
        "ebit": 2015,
        "interestExpense": 80,
        "interestIncomeExpense": -1047,
        "netIncome": 769,
        "netIncomeAfterTaxes": 769,
        "nonRecurringItems": 0,
        "period": "2021-09-30",
        "pretaxIncome": 968,
        "provisionforIncomeTaxes": 199,
        "revenue": 4676,
        "sgaExpense": 2559,
        "totalOperatingExpense": 2661
      },
      {
        "depreciationAmortization": 108,
        "dilutedAverageSharesOutstanding": 41.054,
        "dilutedEPS": -4.07,
        "ebit": -55,
        "interestExpense": 81,
        "interestIncomeExpense": 273,
        "netIncome": -167,
        "netIncomeAfterTaxes": -167,
        "nonRecurringItems": -243,
        "period": "2021-06-30",
        "pretaxIncome": -41,
        "provisionforIncomeTaxes": 126,
        "revenue": 2160,
        "sgaExpense": 2107,
        "totalOperatingExpense": 2215,
        "totalOtherIncomeExpenseNet": -16
      },
      {
        "depreciationAmortization": 113,
        "dilutedAverageSharesOutstanding": 40.973,
        "dilutedEPS": -1.34,
        "ebit": -303,
        "interestExpense": 98,
        "interestIncomeExpense": 26,
        "netIncome": -55,
        "netIncomeAfterTaxes": -55,
        "nonRecurringItems": -8,
        "period": "2021-03-31",
        "pretaxIncome": -278,
        "provisionforIncomeTaxes": -223,
        "revenue": 1141,
        "sgaExpense": 1331,
        "totalOperatingExpense": 1444,
        "totalOtherIncomeExpenseNet": 7
      },
      {
        "depreciationAmortization": 114,
        "dilutedAverageSharesOutstanding": 40.947,
        "dilutedEPS": -4.02,
        "ebit": -84,
        "interestExpense": 98,
        "interestIncomeExpense": 402,
        "netIncome": -165,
        "netIncomeAfterTaxes": -173,
        "nonRecurringItems": -69,
        "period": "2020-12-31",
        "pretaxIncome": 245,
        "provisionforIncomeTaxes": 418,
        "revenue": 1238,
        "sgaExpense": 1208,
        "totalOperatingExpense": 1322,
        "totalOtherIncomeExpenseNet": -4
      },
      {
        "depreciationAmortization": 115,
        "dilutedAverageSharesOutstanding": 41.081,
        "dilutedEPS": 19.5,
        "ebit": 907,
        "interestExpense": 98,
        "interestIncomeExpense": 520,
        "netIncome": 801,
        "netIncomeAfterTaxes": 801,
        "nonRecurringItems": -592,
        "period": "2020-09-30",
        "pretaxIncome": 835,
        "provisionforIncomeTaxes": 34,
        "revenue": 2640,
        "sgaExpense": 1618,
        "totalOperatingExpense": 1733
      },
      {
        "depreciationAmortization": 112,
        "dilutedAverageSharesOutstanding": 40.995,
        "dilutedEPS": 2.98,
        "ebit": -550,
        "interestExpense": 96,
        "interestIncomeExpense": 693,
        "netIncome": 122,
        "netIncomeAfterTaxes": 122,
        "nonRecurringItems": 66,
        "period": "2020-06-30",
        "pretaxIncome": 209,
        "provisionforIncomeTaxes": 87,
        "revenue": 630,
        "sgaExpense": 1068,
        "totalOperatingExpense": 1180
      },
      {
        "depreciationAmortization": 117,
        "dilutedAverageSharesOutstanding": 41.093,
        "dilutedEPS": -17.01,
        "ebit": 180,
        "interestExpense": 64,
        "interestIncomeExpense": -313,
        "netIncome": -699,
        "netIncomeAfterTaxes": -699,
        "nonRecurringItems": -589,
        "period": "2020-03-31",
        "pretaxIncome": -722,
        "provisionforIncomeTaxes": -23,
        "revenue": 2288,
        "sgaExpense": 1991,
        "totalOperatingExpense": 2108
      },
      {
        "depreciationAmortization": 117,
        "dilutedAverageSharesOutstanding": 42.195,
        "dilutedEPS": 27.75,
        "ebit": 1172,
        "interestExpense": 62,
        "interestIncomeExpense": 248,
        "netIncome": 1171,
        "netIncomeAfterTaxes": 1177,
        "period": "2019-12-31",
        "pretaxIncome": 1420,
        "provisionforIncomeTaxes": 243,
        "revenue": 3339,
        "sgaExpense": 2050,
        "totalOperatingExpense": 2167
      },
      {
        "depreciationAmortization": 117,
        "dilutedAverageSharesOutstanding": 42.831,
        "dilutedEPS": 45.52,
        "ebit": 2370,
        "interestExpense": 70,
        "interestIncomeExpense": -7,
        "netIncome": 1950,
        "netIncomeAfterTaxes": 1942,
        "period": "2019-09-30",
        "pretaxIncome": 2363,
        "provisionforIncomeTaxes": 421,
        "revenue": 5040,
        "sgaExpense": 2553,
        "totalOperatingExpense": 2670
      },
      {
        "depreciationAmortization": 119,
        "dilutedAverageSharesOutstanding": 43.601,
        "dilutedEPS": 22.45,
        "ebit": 1247,
        "interestExpense": 68,
        "interestIncomeExpense": -40,
        "netIncome": 979,
        "netIncomeAfterTaxes": 975,
        "period": "2019-06-30",
        "pretaxIncome": 1207,
        "provisionforIncomeTaxes": 232,
        "revenue": 3850,
        "sgaExpense": 2484,
        "totalOperatingExpense": 2603
      },
      {
        "depreciationAmortization": 116,
        "dilutedAverageSharesOutstanding": 45.436,
        "dilutedEPS": 16.83,
        "ebit": 556,
        "interestExpense": 66,
        "interestIncomeExpense": 412,
        "netIncome": 765,
        "netIncomeAfterTaxes": 754,
        "period": "2019-03-31",
        "pretaxIncome": 968,
        "provisionforIncomeTaxes": 214,
        "revenue": 2837,
        "sgaExpense": 2165,
        "totalOperatingExpense": 2281
      },
      {
        "depreciationAmortization": 108.603,
        "dilutedAverageSharesOutstanding": 46.478,
        "dilutedEPS": 13.89,
        "ebit": 1142.921,
        "interestExpense": 65.758,
        "interestIncomeExpense": -511.015,
        "netIncome": 645.84,
        "netIncomeAfterTaxes": 616.04,
        "nonRecurringItems": 0,
        "period": "2018-12-31",
        "pretaxIncome": 631.906,
        "provisionforIncomeTaxes": 15.866,
        "revenue": 3212.615,
        "sgaExpense": 1961.091,
        "totalOperatingExpense": 2069.694
      },
      {
        "depreciationAmortization": 107.641,
        "dilutedAverageSharesOutstanding": 47.751,
        "dilutedEPS": 37.01,
        "ebit": 2246.589,
        "interestExpense": 68.17,
        "interestIncomeExpense": -5.743,
        "netIncome": 1767.578,
        "netIncomeAfterTaxes": 1761.878,
        "period": "2018-09-30",
        "pretaxIncome": 2240.846,
        "provisionforIncomeTaxes": 478.968,
        "revenue": 4849.09,
        "sgaExpense": 2494.86,
        "totalOperatingExpense": 2602.501
      },
      {
        "depreciationAmortization": 106.666,
        "dilutedAverageSharesOutstanding": 48.55,
        "dilutedEPS": 20.13,
        "ebit": 1221.255,
        "interestExpense": 64.837,
        "interestIncomeExpense": -12.344,
        "netIncome": 977.372,
        "netIncomeAfterTaxes": 956.372,
        "period": "2018-06-30",
        "pretaxIncome": 1208.911,
        "provisionforIncomeTaxes": 252.539,
        "revenue": 3537.094,
        "sgaExpense": 2209.173,
        "totalOperatingExpense": 2315.839
      },
      {
        "depreciationAmortization": 103.09,
        "dilutedAverageSharesOutstanding": 49.205,
        "dilutedEPS": 12.34,
        "ebit": 730.235,
        "interestExpense": 70.235,
        "interestIncomeExpense": 23.102,
        "netIncome": 607.21,
        "netIncomeAfterTaxes": 617.71,
        "period": "2018-03-31",
        "pretaxIncome": 753.337,
        "provisionforIncomeTaxes": 135.627,
        "revenue": 2928.201,
        "sgaExpense": 2094.876,
        "totalOperatingExpense": 2197.966
      },
      {
        "costOfGoodsSold": 39.993,
        "depreciationAmortization": 97.788,
        "dilutedAverageSharesOutstanding": 48.676,
        "dilutedEPS": -11.4,
        "ebit": 1005.478,
        "grossIncome": 2763.018,
        "interestExpense": 71.003,
        "interestIncomeExpense": -37.05,
        "netIncome": -555.223,
        "netIncomeAfterTaxes": 827.777,
        "nonRecurringItems": -27,
        "period": "2017-12-31",
        "pretaxIncome": 941.428,
        "provisionforIncomeTaxes": 113.651,
        "revenue": 2803.011,
        "sgaExpense": 1659.752,
        "totalOperatingExpense": 1757.54
      },
      {
        "costOfGoodsSold": 54.181,
        "depreciationAmortization": 95.91,
        "dilutedAverageSharesOutstanding": 49.972,
        "dilutedEPS": 34.43,
        "ebit": 2101.801,
        "grossIncome": 4379.848,
        "interestExpense": 66.338,
        "interestIncomeExpense": -34.956,
        "netIncome": 1720.391,
        "netIncomeAfterTaxes": 1720.391,
        "period": "2017-09-30",
        "pretaxIncome": 2066.845,
        "provisionforIncomeTaxes": 346.454,
        "revenue": 4434.029,
        "sgaExpense": 2182.137,
        "totalOperatingExpense": 2278.047
      },
      {
        "costOfGoodsSold": 67.425,
        "depreciationAmortization": 85.872,
        "dilutedAverageSharesOutstanding": 50.056,
        "dilutedEPS": 14.39,
        "ebit": 893.259,
        "grossIncome": 2957.131,
        "interestExpense": 60.942,
        "interestIncomeExpense": -30.142,
        "netIncome": 720.209,
        "netIncomeAfterTaxes": 720.209,
        "period": "2017-06-30",
        "pretaxIncome": 863.117,
        "provisionforIncomeTaxes": 142.908,
        "revenue": 3024.556,
        "sgaExpense": 1978,
        "totalOperatingExpense": 2063.872
      },
      {
        "costOfGoodsSold": 80.401,
        "depreciationAmortization": 83.43,
        "dilutedAverageSharesOutstanding": 50.025,
        "dilutedEPS": 9.11,
        "ebit": 556.462,
        "grossIncome": 2339.003,
        "interestExpense": 55.717,
        "interestIncomeExpense": -28.852,
        "netIncome": 455.623,
        "netIncomeAfterTaxes": 455.623,
        "period": "2017-03-31",
        "pretaxIncome": 527.61,
        "provisionforIncomeTaxes": 71.987,
        "revenue": 2419.404,
        "sgaExpense": 1699.111,
        "totalOperatingExpense": 1782.541
      },
      {
        "costOfGoodsSold": 58.758,
        "depreciationAmortization": 79.672,
        "dilutedAverageSharesOutstanding": 51.189,
        "dilutedEPS": 13.16,
        "ebit": 790.348,
        "grossIncome": 2289.669,
        "interestExpense": 55.336,
        "interestIncomeExpense": -27.831,
        "netIncome": 673.921,
        "netIncomeAfterTaxes": 673.921,
        "nonRecurringItems": -0.092,
        "period": "2016-12-31",
        "pretaxIncome": 762.425,
        "provisionforIncomeTaxes": 88.504,
        "revenue": 2348.427,
        "sgaExpense": 1419.649,
        "totalOperatingExpense": 1499.321
      },
      {
        "costOfGoodsSold": 101.489,
        "depreciationAmortization": 78.745,
        "dilutedAverageSharesOutstanding": 49.975,
        "dilutedEPS": 10.13,
        "ebit": 1773.927,
        "grossIncome": 3589.063,
        "interestExpense": 55.48,
        "interestIncomeExpense": -35.693,
        "netIncome": 506.017,
        "netIncomeAfterTaxes": 506.017,
        "nonRecurringItems": -940.7,
        "period": "2016-09-30",
        "pretaxIncome": 797.534,
        "provisionforIncomeTaxes": 291.517,
        "revenue": 3690.552,
        "sgaExpense": 1736.391,
        "totalOperatingExpense": 1815.136
      },
      {
        "costOfGoodsSold": 126.084,
        "depreciationAmortization": 77.712,
        "dilutedAverageSharesOutstanding": 50.059,
        "dilutedEPS": 11.6,
        "ebit": 732.407,
        "grossIncome": 2429.818,
        "interestExpense": 50.29,
        "interestIncomeExpense": -27.001,
        "netIncome": 580.638,
        "netIncomeAfterTaxes": 580.638,
        "nonRecurringItems": -12.858,
        "period": "2016-06-30",
        "pretaxIncome": 692.548,
        "provisionforIncomeTaxes": 111.91,
        "revenue": 2555.902,
        "sgaExpense": 1619.699,
        "totalOperatingExpense": 1697.411
      },
      {
        "costOfGoodsSold": 128.669,
        "depreciationAmortization": 72.871,
        "dilutedAverageSharesOutstanding": 50.129,
        "dilutedEPS": 7.47,
        "ebit": 550.318,
        "grossIncome": 2019.45,
        "interestExpense": 46.894,
        "interestIncomeExpense": -39.475,
        "netIncome": 374.424,
        "netIncomeAfterTaxes": 374.424,
        "nonRecurringItems": -50.35,
        "period": "2016-03-31",
        "pretaxIncome": 460.493,
        "provisionforIncomeTaxes": 86.069,
        "revenue": 2148.119,
        "sgaExpense": 1396.261,
        "totalOperatingExpense": 1469.132
      },
      {
        "costOfGoodsSold": 120.612,
        "depreciationAmortization": 70.764,
        "dilutedAverageSharesOutstanding": 50.516,
        "dilutedEPS": 9.98,
        "ebit": 657.9,
        "grossIncome": 1879.383,
        "interestExpense": 43.767,
        "interestIncomeExpense": -41.37,
        "minorityInterest": 0,
        "netIncome": 504.269,
        "netIncomeAfterTaxes": 504.269,
        "period": "2015-12-31",
        "pretaxIncome": 616.53,
        "provisionforIncomeTaxes": 112.261,
        "revenue": 1999.995,
        "sgaExpense": 1150.719,
        "totalOperatingExpense": 1221.483
      },
      {
        "costOfGoodsSold": 155.619,
        "depreciationAmortization": 69.054,
        "dilutedAverageSharesOutstanding": 51.13,
        "dilutedEPS": 23.41,
        "ebit": 1488.707,
        "grossIncome": 2947.282,
        "interestExpense": 41.436,
        "interestIncomeExpense": -32.537,
        "netIncome": 1196.732,
        "netIncomeAfterTaxes": 1196.732,
        "period": "2015-09-30",
        "pretaxIncome": 1456.17,
        "provisionforIncomeTaxes": 259.438,
        "revenue": 3102.901,
        "sgaExpense": 1389.521,
        "totalOperatingExpense": 1458.575
      }
    ],
    "symbol": "BKNG"
  }
}