{
  "symbol": "PSA",
  "statement": "ic",
  "frequency": "annual",
  "timestamp": "2025-09-19T14:05:53.957479",
  "data": {
    "financials": [
      {
        "costOfGoodsSold": 1258.001,
        "depreciationAmortization": 1129.766,
        "dilutedAverageSharesOutstanding": 176.038,
        "dilutedEPS": 10.638,
        "ebit": 2201.172,
        "gainLossOnDispositionOfAssets": 1.537,
        "grossIncome": 3437.615,
        "interestExpense": 287.401,
        "interestIncomeExpense": -116.322,
        "minorityInterest": -12.399,
        "netIncome": 1872.685,
        "netIncomeAfterTaxes": 2084.41,
        "nonRecurringItems": -15.506,
        "period": "2024-12-31",
        "pretaxIncome": 2089.079,
        "provisionforIncomeTaxes": 4.669,
        "revenue": 4695.616,
        "sgaExpense": 106.677,
        "totalOperatingExpense": 1236.443,
        "totalOtherIncomeExpenseNet": 18.198,
        "year": 2024
      },
      {
        "costOfGoodsSold": 1147.946,
        "depreciationAmortization": 970.056,
        "dilutedAverageSharesOutstanding": 176.143,
        "dilutedEPS": 11.0634,
        "ebit": 2319.056,
        "gainLossOnDispositionOfAssets": 17.178,
        "grossIncome": 3369.744,
        "interestExpense": 201.132,
        "interestIncomeExpense": -147.265,
        "minorityInterest": -11.793,
        "netIncome": 1948.741,
        "netIncomeAfterTaxes": 2160.12,
        "nonRecurringItems": -26.451,
        "period": "2023-12-31",
        "pretaxIncome": 2170.941,
        "provisionforIncomeTaxes": 10.821,
        "revenue": 4517.69,
        "sgaExpense": 80.632,
        "totalOperatingExpense": 1050.688,
        "totalOtherIncomeExpenseNet": 8.423,
        "year": 2023
      },
      {
        "costOfGoodsSold": 1052.907,
        "depreciationAmortization": 888.146,
        "dilutedAverageSharesOutstanding": 176.28,
        "dilutedEPS": 23.4983,
        "ebit": 2169.438,
        "gainLossOnDispositionOfAssets": 1.503,
        "grossIncome": 3129.256,
        "interestExpense": 136.319,
        "interestIncomeExpense": 108.719,
        "minorityInterest": -17.127,
        "netIncome": 4142.288,
        "netIncomeAfterTaxes": 4366.274,
        "nonRecurringItems": 2100.116,
        "period": "2022-12-31",
        "pretaxIncome": 4380.6,
        "provisionforIncomeTaxes": 14.326,
        "revenue": 4182.163,
        "sgaExpense": 71.672,
        "totalOperatingExpense": 959.818,
        "totalOtherIncomeExpenseNet": 0.824,
        "year": 2022
      },
      {
        "costOfGoodsSold": 920.598,
        "depreciationAmortization": 713.428,
        "dilutedAverageSharesOutstanding": 175.568,
        "dilutedEPS": 9.8677,
        "ebit": 1686.738,
        "gainLossOnDispositionOfAssets": 13.683,
        "grossIncome": 2495.226,
        "interestExpense": 90.774,
        "interestIncomeExpense": 265.412,
        "minorityInterest": -6.376,
        "netIncome": 1732.444,
        "netIncomeAfterTaxes": 1959.639,
        "nonRecurringItems": -6.194,
        "otherOperatingExpensesTotal": -6.194,
        "period": "2021-12-31",
        "pretaxIncome": 1959.639,
        "revenue": 3415.824,
        "sgaExpense": 101.254,
        "totalOperatingExpense": 808.488,
        "year": 2021
      },
      {
        "costOfGoodsSold": 867.5,
        "depreciationAmortization": 553.3,
        "dilutedAverageSharesOutstanding": 174.6,
        "dilutedEPS": 6.29,
        "ebit": 1421.2,
        "gainLossOnDispositionOfAssets": 1.5,
        "grossIncome": 2047.6,
        "interestExpense": 56.283,
        "interestIncomeExpense": -51.4,
        "minorityInterest": -4,
        "netIncome": 1098.3,
        "netIncomeAfterTaxes": 1361.2,
        "nonRecurringItems": -10,
        "period": "2020-12-31",
        "pretaxIncome": 1361.2,
        "revenue": 2915.1,
        "sgaExpense": 73.2,
        "totalOperatingExpense": 626.4,
        "year": 2020
      },
      {
        "costOfGoodsSold": 813.2,
        "depreciationAmortization": 512.9,
        "dilutedAverageSharesOutstanding": 174.5,
        "dilutedEPS": 7.29,
        "ebit": 1474.6,
        "gainLossOnDispositionOfAssets": 0.3,
        "grossIncome": 2042,
        "interestExpense": 45.641,
        "interestIncomeExpense": 58.4,
        "minorityInterest": -5.1,
        "netIncome": 1272.8,
        "netIncomeAfterTaxes": 1525.7,
        "nonRecurringItems": -7.7,
        "period": "2019-12-31",
        "pretaxIncome": 1525.7,
        "revenue": 2855.1,
        "sgaExpense": 54.5,
        "totalOperatingExpense": 567.3,
        "year": 2019
      },
      {
        "costOfGoodsSold": 757.1,
        "depreciationAmortization": 483.6,
        "dilutedAverageSharesOutstanding": 174.3,
        "dilutedEPS": 8.54,
        "ebit": 1422.3,
        "gainLossOnDispositionOfAssets": 37.9,
        "grossIncome": 2002.4,
        "interestExpense": 32.542,
        "interestIncomeExpense": 113.6,
        "minorityInterest": -6.2,
        "netIncome": 1488.9,
        "netIncomeAfterTaxes": 1717.2,
        "nonRecurringItems": 143.4,
        "period": "2018-12-31",
        "pretaxIncome": 1717.2,
        "revenue": 2759.5,
        "sgaExpense": 96.5,
        "totalOperatingExpense": 580.1,
        "year": 2018
      },
      {
        "costOfGoodsSold": 708,
        "depreciationAmortization": 454.5,
        "dilutedAverageSharesOutstanding": 174.2,
        "dilutedEPS": 6.73,
        "ebit": 1430.1,
        "gainLossOnDispositionOfAssets": 1.4,
        "grossIncome": 1960.6,
        "interestExpense": 12.69,
        "interestIncomeExpense": 31.7,
        "minorityInterest": -6.2,
        "netIncome": 1171.6,
        "netIncomeAfterTaxes": 1448.5,
        "nonRecurringItems": -7,
        "period": "2017-12-31",
        "pretaxIncome": 1448.5,
        "revenue": 2668.5,
        "sgaExpense": 75.9,
        "totalOperatingExpense": 530.4,
        "totalOtherIncomeExpenseNet": -7.8,
        "year": 2017
      },
      {
        "costOfGoodsSold": 669.1,
        "depreciationAmortization": 433.3,
        "dilutedAverageSharesOutstanding": 173.9,
        "dilutedEPS": 6.81,
        "ebit": 1381.8,
        "gainLossOnDispositionOfAssets": 0.7,
        "grossIncome": 1891.5,
        "interestExpense": 4.21,
        "interestIncomeExpense": 85.3,
        "minorityInterest": -6.9,
        "netIncome": 1183.9,
        "netIncomeAfterTaxes": 1460.4,
        "nonRecurringItems": -7.3,
        "period": "2016-12-31",
        "pretaxIncome": 1460.4,
        "revenue": 2560.5,
        "sgaExpense": 76.4,
        "totalOperatingExpense": 509.7,
        "year": 2016
      },
      {
        "costOfGoodsSold": 635.5,
        "depreciationAmortization": 426,
        "dilutedAverageSharesOutstanding": 173.5,
        "dilutedEPS": 6.07,
        "ebit": 1250.4,
        "gainLossOnDispositionOfAssets": 18.5,
        "grossIncome": 1746.2,
        "interestExpense": 0.61,
        "interestIncomeExpense": 67.2,
        "minorityInterest": -6.4,
        "netIncome": 1053.1,
        "netIncomeAfterTaxes": 1317.7,
        "nonRecurringItems": -18.4,
        "period": "2015-12-31",
        "pretaxIncome": 1317.7,
        "revenue": 2381.7,
        "sgaExpense": 69.8,
        "totalOperatingExpense": 495.8,
        "year": 2015
      }
    ],
    "symbol": "PSA"
  }
}