{
  "symbol": "ES",
  "statement": "ic",
  "frequency": "quarterly",
  "timestamp": "2025-09-19T14:00:06.779789",
  "data": {
    "financials": [
      {
        "depreciationAmortization": 385.595,
        "dilutedAverageSharesOutstanding": 368.9172,
        "dilutedEPS": 0.9561,
        "ebit": 663.049,
        "interestIncomeExpense": -238.793,
        "minorityInterest": -1.88,
        "netIncome": 352.728,
        "netIncomeAfterTaxes": 354.608,
        "operationsMaintenance": 467.557,
        "otherOperatingExpensesTotal": 503.12,
        "period": "2025-06-30",
        "pretaxIncome": 465.219,
        "provisionforIncomeTaxes": 110.611,
        "purchasedFuelPowerGas": 818.747,
        "revenue": 2838.068,
        "totalOperatingExpense": 2175.019,
        "totalOtherIncomeExpenseNet": 40.963
      },
      {
        "depreciationAmortization": 379.579,
        "dilutedAverageSharesOutstanding": 367.6776,
        "dilutedEPS": 1.498,
        "ebit": 926.394,
        "interestExpense": 300.849,
        "interestIncomeExpense": -262.849,
        "minorityInterest": -1.88,
        "netIncome": 550.788,
        "netIncomeAfterTaxes": 552.668,
        "operationsMaintenance": 487.451,
        "otherOperatingExpensesTotal": 984.594,
        "period": "2025-03-31",
        "pretaxIncome": 717.889,
        "provisionforIncomeTaxes": 165.221,
        "purchasedFuelPowerGas": 1340.337,
        "revenue": 4118.355,
        "totalOperatingExpense": 3191.961,
        "totalOtherIncomeExpenseNet": 54.344
      },
      {
        "depreciationAmortization": 372.853,
        "dilutedAverageSharesOutstanding": 366.8831,
        "dilutedEPS": 0.1977,
        "ebit": 644.839,
        "interestExpense": 288.696,
        "interestIncomeExpense": -250.296,
        "minorityInterest": -1.88,
        "netIncome": 72.52,
        "netIncomeAfterTaxes": 74.4,
        "nonRecurringItems": -297,
        "operationsMaintenance": 575.1,
        "otherOperatingExpensesTotal": 637.863,
        "period": "2024-12-31",
        "pretaxIncome": 150.755,
        "provisionforIncomeTaxes": 76.355,
        "purchasedFuelPowerGas": 740.833,
        "revenue": 2971.488,
        "totalOperatingExpense": 2326.649,
        "totalOtherIncomeExpenseNet": 53.212
      },
      {
        "depreciationAmortization": 366.145,
        "dilutedAverageSharesOutstanding": 359.5205,
        "dilutedEPS": -0.3284,
        "ebit": 612.4,
        "interestExpense": 300.576,
        "interestIncomeExpense": -246.676,
        "minorityInterest": -1.88,
        "netIncome": -118.057,
        "netIncomeAfterTaxes": -116.177,
        "nonRecurringItems": -464.019,
        "operationsMaintenance": 510.439,
        "otherOperatingExpensesTotal": 656.382,
        "period": "2024-09-30",
        "pretaxIncome": -39.64,
        "provisionforIncomeTaxes": 76.537,
        "purchasedFuelPowerGas": 917.858,
        "revenue": 3063.224,
        "totalOperatingExpense": 2450.824,
        "totalOtherIncomeExpenseNet": 58.655
      },
      {
        "depreciationAmortization": 354.591,
        "dilutedAverageSharesOutstanding": 353.4197,
        "dilutedEPS": 0.9489,
        "ebit": 602.498,
        "interestExpense": 271.316,
        "interestIncomeExpense": -209.916,
        "minorityInterest": -1.88,
        "netIncome": 335.341,
        "netIncomeAfterTaxes": 337.221,
        "nonRecurringItems": 0,
        "operationsMaintenance": 464.424,
        "otherOperatingExpensesTotal": 270.578,
        "period": "2024-06-30",
        "pretaxIncome": 446.467,
        "provisionforIncomeTaxes": 109.246,
        "purchasedFuelPowerGas": 841.431,
        "revenue": 2533.522,
        "totalOperatingExpense": 1931.024,
        "totalOtherIncomeExpenseNet": 53.885
      },
      {
        "depreciationAmortization": 339.914,
        "dilutedAverageSharesOutstanding": 350.9972,
        "dilutedEPS": 1.4868,
        "ebit": 845.973,
        "interestExpense": 250.749,
        "interestIncomeExpense": -213.749,
        "minorityInterest": -1.88,
        "netIncome": 521.848,
        "netIncomeAfterTaxes": 523.728,
        "operationsMaintenance": 462.964,
        "otherOperatingExpensesTotal": 447.768,
        "period": "2024-03-31",
        "pretaxIncome": 686.254,
        "provisionforIncomeTaxes": 162.526,
        "purchasedFuelPowerGas": 1235.956,
        "revenue": 3332.575,
        "totalOperatingExpense": 2486.602,
        "totalOtherIncomeExpenseNet": 54.03
      },
      {
        "depreciationAmortization": 343.363,
        "dilutedAverageSharesOutstanding": 349.9389,
        "dilutedEPS": -3.682,
        "ebit": 554.248,
        "interestExpense": 231.301,
        "interestIncomeExpense": -206.201,
        "minorityInterest": -1.88,
        "netIncome": -1288.485,
        "netIncomeAfterTaxes": -1286.605,
        "nonRecurringItems": -1761.7,
        "operationsMaintenance": 513.14,
        "otherOperatingExpensesTotal": 343.858,
        "period": "2023-12-31",
        "pretaxIncome": -1353.664,
        "provisionforIncomeTaxes": -67.059,
        "purchasedFuelPowerGas": 935.329,
        "revenue": 2689.938,
        "totalOperatingExpense": 2135.69,
        "totalOtherIncomeExpenseNet": 59.989
      },
      {
        "depreciationAmortization": 329.5,
        "dilutedAverageSharesOutstanding": 349.9,
        "dilutedEPS": 0.97,
        "ebit": 530.6,
        "interestExpense": 222.283,
        "interestIncomeExpense": -192.8,
        "minorityInterest": -1.9,
        "netIncome": 339.7,
        "netIncomeAfterTaxes": 341.5,
        "nonRecurringItems": 0,
        "operationsMaintenance": 500.7,
        "otherOperatingExpensesTotal": 262.1,
        "period": "2023-09-30",
        "pretaxIncome": 387.4,
        "provisionforIncomeTaxes": 45.9,
        "purchasedFuelPowerGas": 1168.6,
        "revenue": 2791.5,
        "totalOperatingExpense": 2260.9,
        "totalOtherIncomeExpenseNet": 49.6
      },
      {
        "depreciationAmortization": 320,
        "dilutedAverageSharesOutstanding": 349.7,
        "dilutedEPS": 0.04,
        "ebit": 560.7,
        "interestExpense": 207.313,
        "interestIncomeExpense": -182.3,
        "minorityInterest": -1.9,
        "netIncome": 15.4,
        "netIncomeAfterTaxes": 17.3,
        "nonRecurringItems": -401,
        "operationsMaintenance": 427.3,
        "otherOperatingExpensesTotal": 160.3,
        "period": "2023-06-30",
        "pretaxIncome": 47.2,
        "provisionforIncomeTaxes": 29.9,
        "purchasedFuelPowerGas": 1161.1,
        "revenue": 2629.3,
        "totalOperatingExpense": 2068.7,
        "totalOtherIncomeExpenseNet": 69.9
      },
      {
        "depreciationAmortization": 313,
        "dilutedAverageSharesOutstanding": 349.6,
        "dilutedEPS": 1.4,
        "ebit": 749.6,
        "interestExpense": 194.543,
        "interestIncomeExpense": -169.3,
        "minorityInterest": -1.9,
        "netIncome": 491.2,
        "netIncomeAfterTaxes": 493,
        "operationsMaintenance": 454.6,
        "otherOperatingExpensesTotal": 375.3,
        "period": "2023-03-31",
        "pretaxIncome": 644,
        "provisionforIncomeTaxes": 151,
        "purchasedFuelPowerGas": 1903.2,
        "revenue": 3795.6,
        "totalOperatingExpense": 3046.1,
        "totalOtherIncomeExpenseNet": 63.8
      },
      {
        "depreciationAmortization": 308.5,
        "dilutedAverageSharesOutstanding": 349.3,
        "dilutedEPS": 0.92,
        "ebit": 521.9,
        "gainLossOnDispositionOfAssets": -0.1,
        "interestExpense": 186.765,
        "interestIncomeExpense": -165,
        "minorityInterest": -1.9,
        "netIncome": 320.2,
        "netIncomeAfterTaxes": 322,
        "nonRecurringItems": 0.3,
        "operationsMaintenance": 486.4,
        "otherOperatingExpensesTotal": 416.7,
        "period": "2022-12-31",
        "pretaxIncome": 426.3,
        "provisionforIncomeTaxes": 104.3,
        "purchasedFuelPowerGas": 1295.8,
        "revenue": 3029.4,
        "totalOperatingExpense": 2507.5,
        "totalOtherIncomeExpenseNet": 69.1
      },
      {
        "depreciationAmortization": 302.1,
        "dilutedAverageSharesOutstanding": 347.8,
        "dilutedEPS": 1,
        "ebit": 550.4,
        "gainLossOnDispositionOfAssets": 2.5,
        "interestExpense": 178.174,
        "interestIncomeExpense": -159,
        "minorityInterest": -1.9,
        "netIncome": 349.4,
        "netIncomeAfterTaxes": 351.3,
        "nonRecurringItems": 6.9,
        "operationsMaintenance": 454.3,
        "otherOperatingExpensesTotal": 513.9,
        "period": "2022-09-30",
        "pretaxIncome": 469,
        "provisionforIncomeTaxes": 117.7,
        "purchasedFuelPowerGas": 1388,
        "revenue": 3208.7,
        "totalOperatingExpense": 2658.4,
        "totalOtherIncomeExpenseNet": 68.1
      },
      {
        "depreciationAmortization": 294.2,
        "dilutedAverageSharesOutstanding": 346.3,
        "dilutedEPS": 0.84,
        "ebit": 448.8,
        "interestExpense": 160.09,
        "interestIncomeExpense": -132.7,
        "minorityInterest": -1.9,
        "netIncome": 291.9,
        "netIncomeAfterTaxes": 293.7,
        "nonRecurringItems": 6.8,
        "operationsMaintenance": 452.2,
        "otherOperatingExpensesTotal": 430.1,
        "period": "2022-06-30",
        "pretaxIncome": 389.3,
        "provisionforIncomeTaxes": 95.6,
        "purchasedFuelPowerGas": 940.5,
        "revenue": 2565.8,
        "totalOperatingExpense": 2117.1,
        "totalOtherIncomeExpenseNet": 66.5
      },
      {
        "depreciationAmortization": 289.3,
        "dilutedAverageSharesOutstanding": 345.7,
        "dilutedEPS": 1.28,
        "ebit": 605.1,
        "interestExpense": 153.245,
        "interestIncomeExpense": -146.3,
        "minorityInterest": -1.9,
        "netIncome": 443.4,
        "netIncomeAfterTaxes": 445.3,
        "nonRecurringItems": 58,
        "operationsMaintenance": 472.4,
        "otherOperatingExpensesTotal": 656.8,
        "period": "2022-03-31",
        "pretaxIncome": 581.4,
        "provisionforIncomeTaxes": 136,
        "purchasedFuelPowerGas": 1389.7,
        "revenue": 3413.3,
        "totalOperatingExpense": 2808.3,
        "totalOtherIncomeExpenseNet": 64.7
      },
      {
        "depreciationAmortization": 280.8,
        "dilutedAverageSharesOutstanding": 345.1,
        "dilutedEPS": 0.89,
        "ebit": 455.9,
        "interestExpense": 151.172,
        "interestIncomeExpense": -142.8,
        "minorityInterest": -1.9,
        "netIncome": 306.7,
        "netIncomeAfterTaxes": 308.6,
        "nonRecurringItems": 16.9,
        "operationsMaintenance": 473.9,
        "otherOperatingExpensesTotal": 411.2,
        "period": "2021-12-31",
        "pretaxIncome": 358.3,
        "provisionforIncomeTaxes": 49.8,
        "purchasedFuelPowerGas": 843.1,
        "revenue": 2465,
        "totalOperatingExpense": 2009.1,
        "totalOtherIncomeExpenseNet": 28.3
      },
      {
        "depreciationAmortization": 276.8,
        "dilutedAverageSharesOutstanding": 344.7,
        "dilutedEPS": 0.82,
        "ebit": 577.6,
        "interestExpense": 147.962,
        "interestIncomeExpense": -126.1,
        "minorityInterest": -1.9,
        "netIncome": 283.2,
        "netIncomeAfterTaxes": 285,
        "nonRecurringItems": -94.3,
        "operationsMaintenance": 389.1,
        "otherOperatingExpensesTotal": 402.9,
        "period": "2021-09-30",
        "pretaxIncome": 379.1,
        "provisionforIncomeTaxes": 94.1,
        "purchasedFuelPowerGas": 880.6,
        "revenue": 2527.1,
        "totalOperatingExpense": 1949.5,
        "totalOtherIncomeExpenseNet": 21.9
      },
      {
        "depreciationAmortization": 274.6,
        "dilutedAverageSharesOutstanding": 344.4,
        "dilutedEPS": 0.77,
        "ebit": 451.6,
        "interestExpense": 145.435,
        "interestIncomeExpense": -121.2,
        "minorityInterest": -1.9,
        "netIncome": 264.5,
        "netIncomeAfterTaxes": 266.4,
        "operationsMaintenance": 411.1,
        "otherOperatingExpensesTotal": 335.1,
        "period": "2021-06-30",
        "pretaxIncome": 352.8,
        "provisionforIncomeTaxes": 86.4,
        "purchasedFuelPowerGas": 650.1,
        "revenue": 2122.5,
        "totalOperatingExpense": 1670.9,
        "totalOtherIncomeExpenseNet": 22.4
      },
      {
        "depreciationAmortization": 270.7,
        "dilutedAverageSharesOutstanding": 344.3,
        "dilutedEPS": 1.06,
        "ebit": 585.6,
        "interestExpense": 137.766,
        "interestIncomeExpense": -124,
        "minorityInterest": -1.9,
        "netIncome": 366.1,
        "netIncomeAfterTaxes": 368,
        "operationsMaintenance": 465.5,
        "otherOperatingExpensesTotal": 505.5,
        "period": "2021-03-31",
        "pretaxIncome": 482,
        "provisionforIncomeTaxes": 114,
        "purchasedFuelPowerGas": 998.5,
        "revenue": 2825.8,
        "totalOperatingExpense": 2240.3,
        "totalOtherIncomeExpenseNet": 20.4
      },
      {
        "depreciationAmortization": 260.2,
        "dilutedAverageSharesOutstanding": 344.1,
        "dilutedEPS": 0.79,
        "ebit": 457.5,
        "gainLossOnDispositionOfAssets": 1.8,
        "interestExpense": 135.385,
        "interestIncomeExpense": -130.9,
        "minorityInterest": -1.9,
        "netIncome": 271.9,
        "netIncomeAfterTaxes": 273.8,
        "nonRecurringItems": -2.8,
        "operationsMaintenance": 474.1,
        "otherOperatingExpensesTotal": 370,
        "period": "2020-12-31",
        "pretaxIncome": 344.4,
        "provisionforIncomeTaxes": 70.6,
        "purchasedFuelPowerGas": 674.9,
        "revenue": 2236.7,
        "totalOperatingExpense": 1779.2,
        "totalOtherIncomeExpenseNet": 18.7
      },
      {
        "depreciationAmortization": 244.5,
        "dilutedAverageSharesOutstanding": 343.8,
        "dilutedEPS": 1.01,
        "ebit": 559.5,
        "interestExpense": 134.066,
        "interestIncomeExpense": -127.7,
        "minorityInterest": -1.9,
        "netIncome": 346.3,
        "netIncomeAfterTaxes": 348.1,
        "nonRecurringItems": 1.7,
        "operationsMaintenance": 332,
        "otherOperatingExpensesTotal": 399.7,
        "period": "2020-09-30",
        "pretaxIncome": 456.4,
        "provisionforIncomeTaxes": 108.2,
        "purchasedFuelPowerGas": 806.3,
        "revenue": 2341.9,
        "totalOperatingExpense": 1782.4,
        "totalOtherIncomeExpenseNet": 22.8
      },
      {
        "depreciationAmortization": 240.5,
        "dilutedAverageSharesOutstanding": 338.6,
        "dilutedEPS": 0.75,
        "ebit": 431.8,
        "interestExpense": 134.285,
        "interestIncomeExpense": -125.6,
        "minorityInterest": -1.9,
        "netIncome": 252.2,
        "netIncomeAfterTaxes": 254.1,
        "nonRecurringItems": 1.9,
        "operationsMaintenance": 332.1,
        "otherOperatingExpensesTotal": 316.8,
        "period": "2020-06-30",
        "pretaxIncome": 329.6,
        "provisionforIncomeTaxes": 75.5,
        "purchasedFuelPowerGas": 630.1,
        "revenue": 1951.2,
        "totalOperatingExpense": 1519.5,
        "totalOtherIncomeExpenseNet": 21.5
      },
      {
        "depreciationAmortization": 236.2,
        "dilutedAverageSharesOutstanding": 332.9,
        "dilutedEPS": 1.01,
        "ebit": 537.1,
        "interestExpense": 134.715,
        "interestIncomeExpense": -134.3,
        "minorityInterest": -1.9,
        "netIncome": 334.8,
        "netIncomeAfterTaxes": 336.6,
        "nonRecurringItems": 2,
        "operationsMaintenance": 342.1,
        "otherOperatingExpensesTotal": 379.8,
        "period": "2020-03-31",
        "pretaxIncome": 428.5,
        "provisionforIncomeTaxes": 91.9,
        "purchasedFuelPowerGas": 876.6,
        "revenue": 2371.7,
        "totalOperatingExpense": 1834.6,
        "totalOtherIncomeExpenseNet": 23.7
      },
      {
        "depreciationAmortization": 228.6,
        "dilutedAverageSharesOutstanding": 327.1,
        "dilutedEPS": 0.76,
        "ebit": 432,
        "gainLossOnDispositionOfAssets": 0.1,
        "interestExpense": 133.543,
        "interestIncomeExpense": -86.3,
        "minorityInterest": -1.9,
        "netIncome": 250,
        "netIncomeAfterTaxes": 251.9,
        "nonRecurringItems": 3.6,
        "operationsMaintenance": 368.5,
        "otherOperatingExpensesTotal": 303.6,
        "period": "2019-12-31",
        "pretaxIncome": 331,
        "provisionforIncomeTaxes": 79.1,
        "purchasedFuelPowerGas": 714.1,
        "revenue": 2046.8,
        "totalOperatingExpense": 1614.8,
        "totalOtherIncomeExpenseNet": -18.4
      },
      {
        "depreciationAmortization": 222.6,
        "dilutedAverageSharesOutstanding": 326,
        "dilutedEPS": 0.98,
        "ebit": 504,
        "gainLossOnDispositionOfAssets": 0,
        "interestExpense": 135.216,
        "interestIncomeExpense": -129,
        "minorityInterest": -1.9,
        "netIncome": 318.9,
        "netIncomeAfterTaxes": 320.8,
        "nonRecurringItems": 5.2,
        "operationsMaintenance": 331.1,
        "otherOperatingExpensesTotal": 382.7,
        "period": "2019-09-30",
        "pretaxIncome": 401,
        "provisionforIncomeTaxes": 80.2,
        "purchasedFuelPowerGas": 730.3,
        "revenue": 2170.6,
        "totalOperatingExpense": 1666.6,
        "totalOtherIncomeExpenseNet": 20.8
      },
      {
        "depreciationAmortization": 219.1,
        "dilutedAverageSharesOutstanding": 320.4,
        "dilutedEPS": 0.1,
        "ebit": 392.8,
        "interestExpense": 132.705,
        "interestIncomeExpense": -106.1,
        "minorityInterest": -1.9,
        "netIncome": 31.5,
        "netIncomeAfterTaxes": 33.3,
        "nonRecurringItems": -241.8,
        "operationsMaintenance": 328,
        "otherOperatingExpensesTotal": 325.9,
        "period": "2019-06-30",
        "pretaxIncome": 64.1,
        "provisionforIncomeTaxes": 30.8,
        "purchasedFuelPowerGas": 620.9,
        "revenue": 1886.7,
        "totalOperatingExpense": 1493.9,
        "totalOtherIncomeExpenseNet": 19.3
      },
      {
        "depreciationAmortization": 214.9,
        "dilutedAverageSharesOutstanding": 318.3,
        "dilutedEPS": 0.97,
        "ebit": 497,
        "interestExpense": 131.734,
        "interestIncomeExpense": -119,
        "minorityInterest": -1.9,
        "netIncome": 308.7,
        "netIncomeAfterTaxes": 310.6,
        "nonRecurringItems": -2.3,
        "operationsMaintenance": 335.6,
        "otherOperatingExpensesTotal": 395.7,
        "period": "2019-03-31",
        "pretaxIncome": 394,
        "provisionforIncomeTaxes": 83.4,
        "purchasedFuelPowerGas": 974.9,
        "revenue": 2418.1,
        "totalOperatingExpense": 1921.1,
        "totalOtherIncomeExpenseNet": 18.3
      },
      {
        "depreciationAmortization": 207.9,
        "dilutedAverageSharesOutstanding": 318.1,
        "dilutedEPS": 0.74,
        "ebit": 388.3,
        "interestExpense": 126.071,
        "interestIncomeExpense": -126.1,
        "minorityInterest": -1.9,
        "netIncome": 231.3,
        "netIncomeAfterTaxes": 238.2,
        "nonRecurringItems": 11.7,
        "operationsMaintenance": 364.3,
        "otherOperatingExpensesTotal": 366.7,
        "period": "2018-12-31",
        "pretaxIncome": 301.7,
        "provisionforIncomeTaxes": 63.5,
        "purchasedFuelPowerGas": 696,
        "revenue": 2023.3,
        "totalOperatingExpense": 1634.9,
        "totalOtherIncomeExpenseNet": 27.7
      },
      {
        "depreciationAmortization": 208.7,
        "dilutedAverageSharesOutstanding": 318,
        "dilutedEPS": 0.91,
        "ebit": 465.6,
        "interestExpense": 125.201,
        "interestIncomeExpense": -125.2,
        "minorityInterest": -1.9,
        "netIncome": 289.4,
        "netIncomeAfterTaxes": 291.3,
        "nonRecurringItems": 0.4,
        "operationsMaintenance": 344.5,
        "otherOperatingExpensesTotal": 410,
        "period": "2018-09-30",
        "pretaxIncome": 357.5,
        "provisionforIncomeTaxes": 66.3,
        "purchasedFuelPowerGas": 842.3,
        "revenue": 2271,
        "totalOperatingExpense": 1805.4,
        "totalOtherIncomeExpenseNet": 16.7
      },
      {
        "depreciationAmortization": 199.1,
        "dilutedAverageSharesOutstanding": 317.9,
        "dilutedEPS": 0.76,
        "ebit": 402.7,
        "interestExpense": 126.404,
        "interestIncomeExpense": -126.4,
        "minorityInterest": -1.9,
        "netIncome": 242.8,
        "netIncomeAfterTaxes": 244.6,
        "nonRecurringItems": -11.3,
        "operationsMaintenance": 293.9,
        "otherOperatingExpensesTotal": 315.6,
        "period": "2018-06-30",
        "pretaxIncome": 315.1,
        "provisionforIncomeTaxes": 70.5,
        "purchasedFuelPowerGas": 653.9,
        "revenue": 1865.2,
        "totalOperatingExpense": 1462.5,
        "totalOtherIncomeExpenseNet": 50.1
      },
      {
        "depreciationAmortization": 204.3,
        "dilutedAverageSharesOutstanding": 318,
        "dilutedEPS": 0.85,
        "ebit": 468.5,
        "interestExpense": 121.129,
        "interestIncomeExpense": -121.1,
        "minorityInterest": -1.9,
        "netIncome": 269.5,
        "netIncomeAfterTaxes": 271.4,
        "nonRecurringItems": -26,
        "operationsMaintenance": 332.5,
        "otherOperatingExpensesTotal": 361.9,
        "period": "2018-03-31",
        "pretaxIncome": 355.2,
        "provisionforIncomeTaxes": 83.8,
        "purchasedFuelPowerGas": 946.7,
        "revenue": 2314,
        "totalOperatingExpense": 1845.4,
        "totalOtherIncomeExpenseNet": 33.8
      },
      {
        "depreciationAmortization": 202.7,
        "dilutedAverageSharesOutstanding": 318.1,
        "dilutedEPS": 0.75,
        "ebit": 443.8,
        "interestExpense": 102.278,
        "interestIncomeExpense": -102.3,
        "minorityInterest": -1.9,
        "netIncome": 237.4,
        "netIncomeAfterTaxes": 239.3,
        "operationsMaintenance": 350.8,
        "otherOperatingExpensesTotal": 318.1,
        "period": "2017-12-31",
        "pretaxIncome": 370.3,
        "provisionforIncomeTaxes": 131,
        "purchasedFuelPowerGas": 580.1,
        "revenue": 1895.5,
        "totalOperatingExpense": 1451.7,
        "totalOtherIncomeExpenseNet": 28.7
      },
      {
        "depreciationAmortization": 194.5,
        "dilutedAverageSharesOutstanding": 317.9,
        "dilutedEPS": 0.82,
        "ebit": 495.3,
        "interestExpense": 108.719,
        "interestIncomeExpense": -108.7,
        "minorityInterest": -1.9,
        "netIncome": 260.4,
        "netIncomeAfterTaxes": 262.3,
        "operationsMaintenance": 307.8,
        "otherOperatingExpensesTotal": 339.2,
        "period": "2017-09-30",
        "pretaxIncome": 415.1,
        "provisionforIncomeTaxes": 152.8,
        "purchasedFuelPowerGas": 651.8,
        "revenue": 1988.5,
        "totalOperatingExpense": 1493.3,
        "totalOtherIncomeExpenseNet": 28.5
      },
      {
        "depreciationAmortization": 189.9,
        "dilutedAverageSharesOutstanding": 317.9,
        "dilutedEPS": 0.73,
        "ebit": 448.2,
        "interestExpense": 107.329,
        "interestIncomeExpense": -107.3,
        "minorityInterest": -1.9,
        "netIncome": 230.7,
        "netIncomeAfterTaxes": 232.6,
        "operationsMaintenance": 310.2,
        "otherOperatingExpensesTotal": 264.8,
        "period": "2017-06-30",
        "pretaxIncome": 369.9,
        "provisionforIncomeTaxes": 137.3,
        "purchasedFuelPowerGas": 549.7,
        "revenue": 1762.8,
        "totalOperatingExpense": 1314.6,
        "totalOtherIncomeExpenseNet": 29
      },
      {
        "depreciationAmortization": 186.8,
        "dilutedAverageSharesOutstanding": 318.1,
        "dilutedEPS": 0.82,
        "ebit": 501,
        "interestExpense": 103.429,
        "interestIncomeExpense": -103.4,
        "minorityInterest": -1.9,
        "netIncome": 259.5,
        "netIncomeAfterTaxes": 261.3,
        "operationsMaintenance": 338.3,
        "otherOperatingExpensesTotal": 325.4,
        "period": "2017-03-31",
        "pretaxIncome": 419.2,
        "provisionforIncomeTaxes": 157.8,
        "purchasedFuelPowerGas": 753.6,
        "revenue": 2105.1,
        "totalOperatingExpense": 1604.2,
        "totalOtherIncomeExpenseNet": 21.6
      },
      {
        "depreciationAmortization": 183.7,
        "dilutedAverageSharesOutstanding": 318.3,
        "dilutedEPS": 0.72,
        "ebit": 438,
        "interestExpense": 102.393,
        "interestIncomeExpense": -102.4,
        "minorityInterest": -1.9,
        "netIncome": 229.2,
        "netIncomeAfterTaxes": 231.1,
        "operationsMaintenance": 358,
        "otherOperatingExpensesTotal": 298,
        "period": "2016-12-31",
        "pretaxIncome": 357.9,
        "provisionforIncomeTaxes": 126.8,
        "purchasedFuelPowerGas": 498.9,
        "revenue": 1776.6,
        "totalOperatingExpense": 1338.6,
        "totalOtherIncomeExpenseNet": 22.2
      },
      {
        "depreciationAmortization": 181.3,
        "dilutedAverageSharesOutstanding": 318.6,
        "dilutedEPS": 0.83,
        "ebit": 509.9,
        "interestExpense": 99.865,
        "interestIncomeExpense": -99.9,
        "minorityInterest": -1.9,
        "netIncome": 265.3,
        "netIncomeAfterTaxes": 267.2,
        "operationsMaintenance": 324.7,
        "otherOperatingExpensesTotal": 358,
        "period": "2016-09-30",
        "pretaxIncome": 423.6,
        "provisionforIncomeTaxes": 156.4,
        "purchasedFuelPowerGas": 665.8,
        "revenue": 2039.7,
        "totalOperatingExpense": 1529.8,
        "totalOtherIncomeExpenseNet": 13.6
      },
      {
        "depreciationAmortization": 176.5,
        "dilutedAverageSharesOutstanding": 318.5,
        "dilutedEPS": 0.64,
        "ebit": 423.4,
        "interestExpense": 100.492,
        "interestIncomeExpense": -100.5,
        "minorityInterest": -1.9,
        "netIncome": 203.6,
        "netIncomeAfterTaxes": 205.5,
        "operationsMaintenance": 320.7,
        "otherOperatingExpensesTotal": 265.3,
        "period": "2016-06-30",
        "pretaxIncome": 331,
        "provisionforIncomeTaxes": 125.4,
        "purchasedFuelPowerGas": 581.3,
        "revenue": 1767.2,
        "totalOperatingExpense": 1343.8,
        "totalOtherIncomeExpenseNet": 8
      },
      {
        "depreciationAmortization": 174,
        "dilutedAverageSharesOutstanding": 318.5,
        "dilutedEPS": 0.77,
        "ebit": 488.5,
        "interestExpense": 98.212,
        "interestIncomeExpense": -98.2,
        "minorityInterest": -1.9,
        "netIncome": 244.2,
        "netIncomeAfterTaxes": 246,
        "operationsMaintenance": 320.1,
        "otherOperatingExpensesTotal": 318.1,
        "period": "2016-03-31",
        "pretaxIncome": 392.3,
        "provisionforIncomeTaxes": 146.3,
        "purchasedFuelPowerGas": 754.9,
        "revenue": 2055.6,
        "totalOperatingExpense": 1567.1,
        "totalOtherIncomeExpenseNet": 2
      },
      {
        "depreciationAmortization": 170.5,
        "dilutedAverageSharesOutstanding": 318.5,
        "dilutedEPS": 0.57,
        "ebit": 385.4,
        "interestExpense": 92.785,
        "interestIncomeExpense": -92.8,
        "minorityInterest": -1.9,
        "netIncome": 181.8,
        "netIncomeAfterTaxes": 183.7,
        "operationsMaintenance": 352,
        "otherOperatingExpensesTotal": 246.2,
        "period": "2015-12-31",
        "pretaxIncome": 303,
        "provisionforIncomeTaxes": 119.3,
        "purchasedFuelPowerGas": 537.1,
        "revenue": 1691.2,
        "totalOperatingExpense": 1305.8,
        "totalOtherIncomeExpenseNet": 10.4
      },
      {
        "depreciationAmortization": 167.9,
        "dilutedAverageSharesOutstanding": 318.4,
        "dilutedEPS": 0.74,
        "ebit": 469.2,
        "interestExpense": 92.534,
        "interestIncomeExpense": -92.5,
        "minorityInterest": -1.9,
        "netIncome": 235.9,
        "netIncomeAfterTaxes": 237.8,
        "operationsMaintenance": 327.3,
        "otherOperatingExpensesTotal": 266.1,
        "period": "2015-09-30",
        "pretaxIncome": 381.9,
        "provisionforIncomeTaxes": 144.1,
        "purchasedFuelPowerGas": 702.6,
        "revenue": 1933.1,
        "totalOperatingExpense": 1463.9,
        "totalOtherIncomeExpenseNet": 5.2
      }
    ],
    "symbol": "ES"
  }
}