{
  "symbol": "MU",
  "statement": "ic",
  "frequency": "quarterly",
  "timestamp": "2025-09-19T14:04:02.095772",
  "data": {
    "financials": [
      {
        "costOfGoodsSold": 5793,
        "dilutedAverageSharesOutstanding": 1125,
        "dilutedEPS": 1.6756,
        "ebit": 2226,
        "equityEarningsAffiliates": 7,
        "grossIncome": 3508,
        "interestExpense": 123,
        "interestIncomeExpense": 12,
        "netIncome": 1885,
        "netIncomeAfterTaxes": 1878,
        "nonRecurringItems": -57,
        "otherOperatingExpensesTotal": -1,
        "period": "2025-05-29",
        "pretaxIncome": 2113,
        "provisionforIncomeTaxes": 235,
        "researchDevelopment": 965,
        "revenue": 9301,
        "sgaExpense": 318,
        "totalOperatingExpense": 1282,
        "totalOtherIncomeExpenseNet": -68
      },
      {
        "costOfGoodsSold": 5090,
        "dilutedAverageSharesOutstanding": 1123,
        "dilutedEPS": 1.4096,
        "ebit": 1773,
        "equityEarningsAffiliates": 2,
        "grossIncome": 2963,
        "interestExpense": 112,
        "interestIncomeExpense": -4,
        "netIncome": 1583,
        "netIncomeAfterTaxes": 1581,
        "otherOperatingExpensesTotal": 7,
        "period": "2025-02-27",
        "pretaxIncome": 1758,
        "provisionforIncomeTaxes": 177,
        "researchDevelopment": 898,
        "revenue": 8053,
        "sgaExpense": 285,
        "totalOperatingExpense": 1190,
        "totalOtherIncomeExpenseNet": -11
      },
      {
        "costOfGoodsSold": 5361,
        "dilutedAverageSharesOutstanding": 1122,
        "dilutedEPS": 1.6667,
        "ebit": 2174,
        "equityEarningsAffiliates": 1,
        "grossIncome": 3348,
        "interestExpense": 118,
        "interestIncomeExpense": -11,
        "netIncome": 1870,
        "netIncomeAfterTaxes": 1869,
        "otherOperatingExpensesTotal": -2,
        "period": "2024-11-28",
        "pretaxIncome": 2152,
        "provisionforIncomeTaxes": 283,
        "researchDevelopment": 888,
        "revenue": 8709,
        "sgaExpense": 288,
        "totalOperatingExpense": 1174,
        "totalOtherIncomeExpenseNet": -11
      },
      {
        "costOfGoodsSold": 5013,
        "dilutedAverageSharesOutstanding": 1160,
        "dilutedEPS": 0.7647,
        "ebit": 1527,
        "equityEarningsAffiliates": 0,
        "grossIncome": 2737,
        "interestExpense": 136,
        "interestIncomeExpense": -8,
        "netIncome": 887,
        "netIncomeAfterTaxes": 887,
        "nonRecurringItems": -5,
        "otherOperatingExpensesTotal": 12,
        "period": "2024-08-29",
        "pretaxIncome": 1510,
        "provisionforIncomeTaxes": 623,
        "researchDevelopment": 903,
        "revenue": 7750,
        "sgaExpense": 295,
        "totalOperatingExpense": 1210,
        "totalOtherIncomeExpenseNet": -4
      },
      {
        "costOfGoodsSold": 4979,
        "dilutedAverageSharesOutstanding": 1123,
        "dilutedEPS": 0.2956,
        "ebit": 681,
        "equityEarningsAffiliates": -6,
        "grossIncome": 1832,
        "interestExpense": 150,
        "interestIncomeExpense": -12,
        "netIncome": 332,
        "netIncomeAfterTaxes": 338,
        "nonRecurringItems": 38,
        "otherOperatingExpensesTotal": 10,
        "period": "2024-05-30",
        "pretaxIncome": 715,
        "provisionforIncomeTaxes": 377,
        "researchDevelopment": 850,
        "revenue": 6811,
        "sgaExpense": 291,
        "totalOperatingExpense": 1151,
        "totalOtherIncomeExpenseNet": 8
      },
      {
        "costOfGoodsSold": 4745,
        "dilutedAverageSharesOutstanding": 1114,
        "dilutedEPS": 0.7119,
        "ebit": -18,
        "equityEarningsAffiliates": 1,
        "grossIncome": 1079,
        "interestExpense": 144,
        "interestIncomeExpense": -14,
        "netIncome": 793,
        "netIncomeAfterTaxes": 792,
        "nonRecurringItems": 209,
        "otherOperatingExpensesTotal": -15,
        "period": "2024-02-29",
        "pretaxIncome": 170,
        "provisionforIncomeTaxes": -622,
        "researchDevelopment": 832,
        "revenue": 5824,
        "sgaExpense": 280,
        "totalOperatingExpense": 1097,
        "totalOtherIncomeExpenseNet": -7
      },
      {
        "costOfGoodsSold": 4761,
        "dilutedAverageSharesOutstanding": 1100,
        "dilutedEPS": -1.1218,
        "ebit": -1128,
        "equityEarningsAffiliates": -6,
        "grossIncome": -35,
        "interestExpense": 132,
        "interestIncomeExpense": -31,
        "netIncome": -1234,
        "netIncomeAfterTaxes": -1228,
        "nonRecurringItems": 0,
        "otherOperatingExpensesTotal": -15,
        "period": "2023-11-30",
        "pretaxIncome": -1155,
        "provisionforIncomeTaxes": 73,
        "researchDevelopment": 845,
        "revenue": 4726,
        "sgaExpense": 263,
        "totalOperatingExpense": 1093,
        "totalOtherIncomeExpenseNet": 4
      },
      {
        "costOfGoodsSold": 4445,
        "dilutedAverageSharesOutstanding": 1096,
        "dilutedEPS": -1.3,
        "ebit": -1375,
        "equityEarningsAffiliates": 4,
        "grossIncome": -435,
        "interestExpense": 129,
        "interestIncomeExpense": -3,
        "netIncome": -1430,
        "netIncomeAfterTaxes": -1434,
        "nonRecurringItems": -97,
        "otherOperatingExpensesTotal": 2,
        "period": "2023-08-31",
        "pretaxIncome": -1458,
        "provisionforIncomeTaxes": -24,
        "researchDevelopment": 719,
        "revenue": 4010,
        "sgaExpense": 219,
        "totalOperatingExpense": 940,
        "totalOtherIncomeExpenseNet": 17
      },
      {
        "costOfGoodsSold": 4420,
        "dilutedAverageSharesOutstanding": 1094,
        "dilutedEPS": -1.73,
        "ebit": -1649,
        "equityEarningsAffiliates": -4,
        "grossIncome": -668,
        "interestExpense": 119,
        "interestIncomeExpense": 8,
        "netIncome": -1896,
        "netIncomeAfterTaxes": -1892,
        "nonRecurringItems": -112,
        "otherOperatingExpensesTotal": 4,
        "period": "2023-06-01",
        "pretaxIncome": -1753,
        "provisionforIncomeTaxes": 139,
        "researchDevelopment": 758,
        "revenue": 3752,
        "sgaExpense": 219,
        "totalOperatingExpense": 981,
        "totalOtherIncomeExpenseNet": 0
      },
      {
        "costOfGoodsSold": 4899,
        "dilutedAverageSharesOutstanding": 1091,
        "dilutedEPS": -2.12,
        "ebit": -2217,
        "equityEarningsAffiliates": 13,
        "grossIncome": -1206,
        "interestExpense": 89,
        "interestIncomeExpense": 28,
        "netIncome": -2312,
        "netIncomeAfterTaxes": -2325,
        "nonRecurringItems": -86,
        "otherOperatingExpensesTotal": -8,
        "period": "2023-03-02",
        "pretaxIncome": -2271,
        "provisionforIncomeTaxes": 54,
        "researchDevelopment": 788,
        "revenue": 3693,
        "sgaExpense": 231,
        "totalOperatingExpense": 1011,
        "totalOtherIncomeExpenseNet": 4
      },
      {
        "costOfGoodsSold": 3192,
        "dilutedAverageSharesOutstanding": 1090,
        "dilutedEPS": -0.18,
        "ebit": -196,
        "equityEarningsAffiliates": -11,
        "grossIncome": 893,
        "interestExpense": 51,
        "interestIncomeExpense": 28,
        "netIncome": -195,
        "netIncomeAfterTaxes": -184,
        "nonRecurringItems": -13,
        "otherOperatingExpensesTotal": -11,
        "period": "2022-12-01",
        "pretaxIncome": -176,
        "provisionforIncomeTaxes": 8,
        "researchDevelopment": 849,
        "revenue": 4085,
        "sgaExpense": 251,
        "totalOperatingExpense": 1089,
        "totalOtherIncomeExpenseNet": 5
      },
      {
        "costOfGoodsSold": 4021,
        "dilutedAverageSharesOutstanding": 1107,
        "dilutedEPS": 1.35,
        "ebit": 1526,
        "equityEarningsAffiliates": -5,
        "grossIncome": 2622,
        "interestExpense": 45,
        "interestIncomeExpense": 10,
        "minorityInterest": 0,
        "netIncome": 1492,
        "netIncomeAfterTaxes": 1497,
        "nonRecurringItems": -5,
        "otherOperatingExpensesTotal": -23,
        "period": "2022-09-01",
        "pretaxIncome": 1553,
        "provisionforIncomeTaxes": 56,
        "researchDevelopment": 839,
        "revenue": 6643,
        "sgaExpense": 280,
        "totalOperatingExpense": 1096,
        "totalOtherIncomeExpenseNet": 22
      },
      {
        "costOfGoodsSold": 4607,
        "dilutedAverageSharesOutstanding": 1121,
        "dilutedEPS": 2.34,
        "ebit": 3004,
        "equityEarningsAffiliates": -4,
        "grossIncome": 4035,
        "interestExpense": 44,
        "interestIncomeExpense": -12,
        "netIncome": 2626,
        "netIncomeAfterTaxes": 2630,
        "nonRecurringItems": 0,
        "otherOperatingExpensesTotal": -6,
        "period": "2022-06-02",
        "pretaxIncome": 2988,
        "provisionforIncomeTaxes": 358,
        "researchDevelopment": 773,
        "revenue": 8642,
        "sgaExpense": 264,
        "totalOperatingExpense": 1031,
        "totalOtherIncomeExpenseNet": -4
      },
      {
        "costOfGoodsSold": 4110,
        "dilutedAverageSharesOutstanding": 1130,
        "dilutedEPS": 2,
        "ebit": 2551,
        "equityEarningsAffiliates": 9,
        "grossIncome": 3676,
        "interestExpense": 55,
        "interestIncomeExpense": -43,
        "netIncome": 2263,
        "netIncomeAfterTaxes": 2254,
        "nonRecurringItems": -5,
        "otherOperatingExpensesTotal": 70,
        "period": "2022-03-03",
        "pretaxIncome": 2509,
        "provisionforIncomeTaxes": 255,
        "researchDevelopment": 792,
        "revenue": 7786,
        "sgaExpense": 263,
        "totalOperatingExpense": 1125,
        "totalOtherIncomeExpenseNet": 6
      },
      {
        "costOfGoodsSold": 4122,
        "dilutedAverageSharesOutstanding": 1130,
        "dilutedEPS": 2.04,
        "ebit": 2669,
        "equityEarningsAffiliates": 4,
        "grossIncome": 3565,
        "interestExpense": 45,
        "interestIncomeExpense": -25,
        "netIncome": 2306,
        "netIncomeAfterTaxes": 2302,
        "nonRecurringItems": -121,
        "otherOperatingExpensesTotal": -75,
        "period": "2021-12-02",
        "pretaxIncome": 2521,
        "provisionforIncomeTaxes": 219,
        "researchDevelopment": 712,
        "revenue": 7687,
        "sgaExpense": 259,
        "totalOperatingExpense": 896,
        "totalOtherIncomeExpenseNet": -2
      },
      {
        "costOfGoodsSold": 4362,
        "dilutedAverageSharesOutstanding": 1141,
        "dilutedEPS": 2.38,
        "ebit": 2977,
        "equityEarningsAffiliates": 14,
        "grossIncome": 3912,
        "interestExpense": 47,
        "interestIncomeExpense": -17,
        "minorityInterest": 0,
        "netIncome": 2720,
        "netIncomeAfterTaxes": 2706,
        "nonRecurringItems": -23,
        "otherOperatingExpensesTotal": -6,
        "period": "2021-09-02",
        "pretaxIncome": 2936,
        "provisionforIncomeTaxes": 230,
        "researchDevelopment": 705,
        "revenue": 8274,
        "sgaExpense": 236,
        "totalOperatingExpense": 935,
        "totalOtherIncomeExpenseNet": -1
      },
      {
        "costOfGoodsSold": 4296,
        "dilutedAverageSharesOutstanding": 1145,
        "dilutedEPS": 1.52,
        "ebit": 2252,
        "equityEarningsAffiliates": -6,
        "grossIncome": 3126,
        "interestExpense": 46,
        "interestIncomeExpense": 7,
        "minorityInterest": 0,
        "netIncome": 1735,
        "netIncomeAfterTaxes": 1741,
        "nonRecurringItems": -453,
        "otherOperatingExpensesTotal": -26,
        "period": "2021-06-03",
        "pretaxIncome": 1806,
        "provisionforIncomeTaxes": 65,
        "researchDevelopment": 670,
        "revenue": 7422,
        "sgaExpense": 230,
        "totalOperatingExpense": 874
      },
      {
        "costOfGoodsSold": 4538,
        "dilutedAverageSharesOutstanding": 1144,
        "dilutedEPS": 0.53,
        "ebit": 712,
        "equityEarningsAffiliates": 16,
        "grossIncome": 1698,
        "interestExpense": 42,
        "interestIncomeExpense": -32,
        "minorityInterest": 0,
        "netIncome": 603,
        "netIncomeAfterTaxes": 587,
        "nonRecurringItems": -49,
        "otherOperatingExpensesTotal": 131,
        "period": "2021-03-04",
        "pretaxIncome": 635,
        "provisionforIncomeTaxes": 48,
        "researchDevelopment": 641,
        "revenue": 6236,
        "sgaExpense": 214,
        "totalOperatingExpense": 986,
        "totalOtherIncomeExpenseNet": 4
      },
      {
        "costOfGoodsSold": 4037,
        "dilutedAverageSharesOutstanding": 1135,
        "dilutedEPS": 0.71,
        "ebit": 866,
        "equityEarningsAffiliates": 13,
        "grossIncome": 1736,
        "interestExpense": 48,
        "interestIncomeExpense": -38,
        "minorityInterest": 0,
        "netIncome": 803,
        "netIncomeAfterTaxes": 790,
        "nonRecurringItems": 0,
        "otherOperatingExpensesTotal": 9,
        "period": "2020-12-03",
        "pretaxIncome": 841,
        "provisionforIncomeTaxes": 51,
        "researchDevelopment": 647,
        "revenue": 5773,
        "sgaExpense": 214,
        "totalOperatingExpense": 870,
        "totalOtherIncomeExpenseNet": 13
      },
      {
        "costOfGoodsSold": 3988,
        "dilutedAverageSharesOutstanding": 1131,
        "dilutedEPS": 0.87,
        "ebit": 1204,
        "equityEarningsAffiliates": 1,
        "grossIncome": 2068,
        "interestExpense": 50,
        "interestIncomeExpense": -38,
        "minorityInterest": -2,
        "netIncome": 988,
        "netIncomeAfterTaxes": 989,
        "nonRecurringItems": -47,
        "otherOperatingExpensesTotal": 3,
        "period": "2020-09-03",
        "pretaxIncome": 1125,
        "provisionforIncomeTaxes": 136,
        "researchDevelopment": 630,
        "revenue": 6056,
        "sgaExpense": 231,
        "totalOperatingExpense": 864,
        "totalOtherIncomeExpenseNet": 6
      },
      {
        "costOfGoodsSold": 3675,
        "dilutedAverageSharesOutstanding": 1129,
        "dilutedEPS": 0.71,
        "ebit": 892,
        "equityEarningsAffiliates": 3,
        "grossIncome": 1763,
        "interestExpense": 51,
        "interestIncomeExpense": -31,
        "minorityInterest": -2,
        "netIncome": 803,
        "netIncomeAfterTaxes": 802,
        "nonRecurringItems": -6,
        "otherOperatingExpensesTotal": 6,
        "period": "2020-05-28",
        "pretaxIncome": 870,
        "provisionforIncomeTaxes": 68,
        "researchDevelopment": 649,
        "revenue": 5438,
        "sgaExpense": 216,
        "totalOperatingExpense": 871,
        "totalOtherIncomeExpenseNet": 15
      },
      {
        "costOfGoodsSold": 3442,
        "dilutedAverageSharesOutstanding": 1133,
        "dilutedEPS": 0.36,
        "ebit": 450,
        "equityEarningsAffiliates": 1,
        "grossIncome": 1355,
        "interestExpense": 46,
        "interestIncomeExpense": -14,
        "minorityInterest": -2,
        "netIncome": 405,
        "netIncomeAfterTaxes": 406,
        "nonRecurringItems": -10,
        "otherOperatingExpensesTotal": 1,
        "period": "2020-02-27",
        "pretaxIncome": 427,
        "provisionforIncomeTaxes": 21,
        "researchDevelopment": 681,
        "revenue": 4797,
        "sgaExpense": 223,
        "totalOperatingExpense": 905,
        "totalOtherIncomeExpenseNet": 1
      },
      {
        "costOfGoodsSold": 3778,
        "dilutedAverageSharesOutstanding": 1129,
        "dilutedEPS": 0.43,
        "ebit": 514,
        "equityEarningsAffiliates": 2,
        "grossIncome": 1366,
        "interestExpense": 47,
        "interestIncomeExpense": -5,
        "minorityInterest": -17,
        "netIncome": 491,
        "netIncomeAfterTaxes": 506,
        "nonRecurringItems": 46,
        "otherOperatingExpensesTotal": 1,
        "period": "2019-11-28",
        "pretaxIncome": 561,
        "provisionforIncomeTaxes": 55,
        "researchDevelopment": 640,
        "revenue": 5144,
        "sgaExpense": 211,
        "totalOperatingExpense": 852,
        "totalOtherIncomeExpenseNet": 6
      },
      {
        "costOfGoodsSold": 3475,
        "dilutedAverageSharesOutstanding": 1128,
        "dilutedEPS": 0.5,
        "ebit": 571,
        "equityEarningsAffiliates": 2,
        "grossIncome": 1395,
        "interestExpense": 39,
        "interestIncomeExpense": 18,
        "minorityInterest": -25,
        "netIncome": 561,
        "netIncomeAfterTaxes": 583,
        "nonRecurringItems": 69,
        "otherOperatingExpensesTotal": -11,
        "period": "2019-08-29",
        "pretaxIncome": 655,
        "provisionforIncomeTaxes": 72,
        "researchDevelopment": 623,
        "revenue": 4870,
        "sgaExpense": 212,
        "totalOperatingExpense": 824,
        "totalOtherIncomeExpenseNet": -3
      },
      {
        "costOfGoodsSold": 2960,
        "dilutedAverageSharesOutstanding": 1129,
        "dilutedEPS": 0.74,
        "ebit": 1019,
        "equityEarningsAffiliates": 0,
        "grossIncome": 1828,
        "interestExpense": 29,
        "interestIncomeExpense": 22,
        "minorityInterest": -11,
        "netIncome": 840,
        "netIncomeAfterTaxes": 809,
        "nonRecurringItems": -326,
        "otherOperatingExpensesTotal": -3,
        "period": "2019-05-30",
        "pretaxIncome": 716,
        "provisionforIncomeTaxes": -93,
        "researchDevelopment": 606,
        "revenue": 4788,
        "sgaExpense": 206,
        "totalOperatingExpense": 809,
        "totalOtherIncomeExpenseNet": 1
      },
      {
        "costOfGoodsSold": 2971,
        "dilutedAverageSharesOutstanding": 1141,
        "dilutedEPS": 1.41,
        "ebit": 2008,
        "equityEarningsAffiliates": 1,
        "grossIncome": 2864,
        "interestExpense": 27,
        "interestIncomeExpense": 28,
        "minorityInterest": -6,
        "netIncome": 1619,
        "netIncomeAfterTaxes": 1610,
        "nonRecurringItems": -134,
        "otherOperatingExpensesTotal": 46,
        "period": "2019-02-28",
        "pretaxIncome": 1904,
        "provisionforIncomeTaxes": 294,
        "researchDevelopment": 601,
        "revenue": 5835,
        "sgaExpense": 209,
        "totalOperatingExpense": 856,
        "totalOtherIncomeExpenseNet": 2
      },
      {
        "costOfGoodsSold": 3298,
        "dilutedAverageSharesOutstanding": 1174,
        "dilutedEPS": 2.8,
        "ebit": 3792,
        "grossIncome": 4615,
        "interestExpense": 33,
        "interestIncomeExpense": 0,
        "minorityInterest": -3,
        "netIncome": 3293,
        "netIncomeAfterTaxes": 3343,
        "nonRecurringItems": -19,
        "otherOperatingExpensesTotal": 3,
        "period": "2018-11-29",
        "pretaxIncome": 3773,
        "provisionforIncomeTaxes": 430,
        "researchDevelopment": 611,
        "revenue": 7913,
        "sgaExpense": 209,
        "totalOperatingExpense": 823
      },
      {
        "costOfGoodsSold": 3289,
        "dilutedAverageSharesOutstanding": 1217,
        "dilutedEPS": 3.55,
        "ebit": 4405,
        "equityEarningsAffiliates": 0,
        "grossIncome": 5151,
        "interestExpense": 50,
        "interestIncomeExpense": -31,
        "minorityInterest": -1,
        "netIncome": 4325,
        "netIncomeAfterTaxes": 4243,
        "nonRecurringItems": -27,
        "otherOperatingExpensesTotal": -36,
        "period": "2018-08-30",
        "pretaxIncome": 4346,
        "provisionforIncomeTaxes": 103,
        "researchDevelopment": 567,
        "revenue": 8440,
        "sgaExpense": 215,
        "totalOperatingExpense": 746,
        "totalOtherIncomeExpenseNet": -1
      },
      {
        "costOfGoodsSold": 3074,
        "dilutedAverageSharesOutstanding": 1235,
        "dilutedEPS": 3.09,
        "ebit": 3953,
        "equityEarningsAffiliates": -2,
        "grossIncome": 4723,
        "interestExpense": 80,
        "interestIncomeExpense": -68,
        "minorityInterest": 0,
        "netIncome": 3823,
        "netIncomeAfterTaxes": 3603,
        "nonRecurringItems": -168,
        "otherOperatingExpensesTotal": -44,
        "period": "2018-05-31",
        "pretaxIncome": 3716,
        "provisionforIncomeTaxes": 113,
        "researchDevelopment": 603,
        "revenue": 7797,
        "sgaExpense": 211,
        "totalOperatingExpense": 770,
        "totalOtherIncomeExpenseNet": -1
      },
      {
        "costOfGoodsSold": 3081,
        "dilutedAverageSharesOutstanding": 1238,
        "dilutedEPS": 2.67,
        "ebit": 3567,
        "equityEarningsAffiliates": 1,
        "grossIncome": 4270,
        "interestExpense": 88,
        "interestIncomeExpense": -88,
        "minorityInterest": -2,
        "netIncome": 3309,
        "netIncomeAfterTaxes": 3441,
        "nonRecurringItems": -23,
        "otherOperatingExpensesTotal": -16,
        "period": "2018-03-01",
        "pretaxIncome": 3453,
        "provisionforIncomeTaxes": 12,
        "researchDevelopment": 523,
        "revenue": 7351,
        "sgaExpense": 196,
        "totalOperatingExpense": 703,
        "totalOtherIncomeExpenseNet": -3
      },
      {
        "costOfGoodsSold": 3056,
        "dilutedAverageSharesOutstanding": 1225,
        "dilutedEPS": 2.19,
        "ebit": 3097,
        "equityEarningsAffiliates": 0,
        "grossIncome": 3747,
        "interestExpense": 124,
        "interestIncomeExpense": -110,
        "minorityInterest": 0,
        "netIncome": 2678,
        "netIncomeAfterTaxes": 2678,
        "nonRecurringItems": -195,
        "otherOperatingExpensesTotal": 11,
        "period": "2017-11-30",
        "pretaxIncome": 2792,
        "provisionforIncomeTaxes": 114,
        "researchDevelopment": 448,
        "revenue": 6803,
        "sgaExpense": 191,
        "totalOperatingExpense": 650
      },
      {
        "costOfGoodsSold": 3026,
        "dilutedAverageSharesOutstanding": 1190,
        "dilutedEPS": 1.99,
        "ebit": 2475,
        "equityEarningsAffiliates": 1,
        "grossIncome": 3112,
        "interestExpense": 148,
        "interestIncomeExpense": -144,
        "minorityInterest": -1,
        "netIncome": 2368,
        "netIncomeAfterTaxes": 2368,
        "nonRecurringItems": -10,
        "otherOperatingExpensesTotal": -3,
        "period": "2017-08-31",
        "pretaxIncome": 2321,
        "provisionforIncomeTaxes": -47,
        "researchDevelopment": 447,
        "revenue": 6138,
        "sgaExpense": 193,
        "totalOperatingExpense": 637,
        "totalOtherIncomeExpenseNet": 0
      },
      {
        "costOfGoodsSold": 2957,
        "dilutedAverageSharesOutstanding": 1177,
        "dilutedEPS": 1.4,
        "ebit": 1975,
        "equityEarningsAffiliates": 2,
        "grossIncome": 2609,
        "interestExpense": 153,
        "interestIncomeExpense": -165,
        "minorityInterest": 0,
        "netIncome": 1647,
        "netIncomeAfterTaxes": 1645,
        "nonRecurringItems": -73,
        "otherOperatingExpensesTotal": -4,
        "period": "2017-06-01",
        "pretaxIncome": 1737,
        "provisionforIncomeTaxes": 92,
        "researchDevelopment": 434,
        "revenue": 5566,
        "sgaExpense": 204,
        "totalOperatingExpense": 634,
        "totalOtherIncomeExpenseNet": 0
      },
      {
        "costOfGoodsSold": 2944,
        "dilutedAverageSharesOutstanding": 1160,
        "dilutedEPS": 0.77,
        "ebit": 1048,
        "equityEarningsAffiliates": 7,
        "grossIncome": 1704,
        "interestExpense": 161,
        "interestIncomeExpense": -181,
        "minorityInterest": 0,
        "netIncome": 894,
        "netIncomeAfterTaxes": 887,
        "nonRecurringItems": 67,
        "otherOperatingExpensesTotal": -4,
        "period": "2017-03-02",
        "pretaxIncome": 925,
        "provisionforIncomeTaxes": 38,
        "researchDevelopment": 473,
        "revenue": 4648,
        "sgaExpense": 187,
        "totalOperatingExpense": 656,
        "totalOtherIncomeExpenseNet": -9
      },
      {
        "costOfGoodsSold": 2959,
        "dilutedAverageSharesOutstanding": 1091,
        "dilutedEPS": 0.16,
        "ebit": 388,
        "equityEarningsAffiliates": -2,
        "grossIncome": 1011,
        "interestExpense": 139,
        "interestIncomeExpense": -144,
        "minorityInterest": 0,
        "netIncome": 180,
        "netIncomeAfterTaxes": 182,
        "nonRecurringItems": -29,
        "otherOperatingExpensesTotal": -6,
        "period": "2016-12-01",
        "pretaxIncome": 213,
        "provisionforIncomeTaxes": 31,
        "researchDevelopment": 470,
        "revenue": 3970,
        "sgaExpense": 159,
        "totalOperatingExpense": 623,
        "totalOtherIncomeExpenseNet": -2
      },
      {
        "costOfGoodsSold": 2638,
        "dilutedAverageSharesOutstanding": 1039,
        "dilutedEPS": -0.16,
        "ebit": 13,
        "equityEarningsAffiliates": 1,
        "grossIncome": 579,
        "interestExpense": 135,
        "interestIncomeExpense": -137,
        "minorityInterest": 0,
        "netIncome": -170,
        "netIncomeAfterTaxes": -171,
        "nonRecurringItems": -45,
        "otherOperatingExpensesTotal": -2,
        "period": "2016-09-01",
        "pretaxIncome": -168,
        "provisionforIncomeTaxes": 3,
        "researchDevelopment": 411,
        "revenue": 3217,
        "sgaExpense": 157,
        "totalOperatingExpense": 566,
        "totalOtherIncomeExpenseNet": 1
      },
      {
        "costOfGoodsSold": 2400,
        "dilutedAverageSharesOutstanding": 1036,
        "dilutedEPS": -0.21,
        "ebit": -30,
        "equityEarningsAffiliates": -40,
        "grossIncome": 498,
        "interestExpense": 109,
        "interestIncomeExpense": -104,
        "minorityInterest": 0,
        "netIncome": -215,
        "netIncomeAfterTaxes": -175,
        "nonRecurringItems": 0,
        "otherOperatingExpensesTotal": -2,
        "period": "2016-06-02",
        "pretaxIncome": -160,
        "provisionforIncomeTaxes": 15,
        "researchDevelopment": 382,
        "revenue": 2898,
        "sgaExpense": 148,
        "totalOperatingExpense": 528,
        "totalOtherIncomeExpenseNet": -26
      },
      {
        "costOfGoodsSold": 2355,
        "dilutedAverageSharesOutstanding": 1036,
        "dilutedEPS": -0.09,
        "ebit": -1,
        "equityEarningsAffiliates": 5,
        "grossIncome": 579,
        "interestExpense": 97,
        "interestIncomeExpense": -90,
        "minorityInterest": -1,
        "netIncome": -97,
        "netIncomeAfterTaxes": -101,
        "nonRecurringItems": -4,
        "otherOperatingExpensesTotal": 2,
        "period": "2016-03-03",
        "pretaxIncome": -96,
        "provisionforIncomeTaxes": 5,
        "researchDevelopment": 403,
        "revenue": 2934,
        "sgaExpense": 175,
        "totalOperatingExpense": 580,
        "totalOtherIncomeExpenseNet": -1
      },
      {
        "costOfGoodsSold": 2501,
        "dilutedAverageSharesOutstanding": 1085,
        "dilutedEPS": 0.19,
        "ebit": 249,
        "equityEarningsAffiliates": 59,
        "grossIncome": 849,
        "interestExpense": 96,
        "interestIncomeExpense": -88,
        "minorityInterest": 0,
        "netIncome": 206,
        "netIncomeAfterTaxes": 147,
        "nonRecurringItems": -18,
        "period": "2015-12-03",
        "pretaxIncome": 143,
        "provisionforIncomeTaxes": -4,
        "researchDevelopment": 421,
        "revenue": 3350,
        "sgaExpense": 179,
        "totalOperatingExpense": 600
      },
      {
        "costOfGoodsSold": 2630,
        "dilutedAverageSharesOutstanding": 1125,
        "dilutedEPS": 0.42,
        "ebit": 427,
        "equityEarningsAffiliates": 47,
        "grossIncome": 970,
        "interestExpense": 101,
        "interestIncomeExpense": -91,
        "minorityInterest": 0,
        "netIncome": 471,
        "netIncomeAfterTaxes": 424,
        "nonRecurringItems": 0,
        "otherOperatingExpensesTotal": -6,
        "period": "2015-09-03",
        "pretaxIncome": 355,
        "provisionforIncomeTaxes": -69,
        "researchDevelopment": 379,
        "revenue": 3600,
        "sgaExpense": 170,
        "totalOperatingExpense": 543,
        "totalOtherIncomeExpenseNet": 19
      }
    ],
    "symbol": "MU"
  }
}