{
  "symbol": "PRU",
  "statement": "ic",
  "frequency": "annual",
  "timestamp": "2025-09-19T14:05:48.634504",
  "data": {
    "financials": [
      {
        "benefitsClaimsLossAdjustment": 51664,
        "deferredPolicyAcquisitionExpense": 1492,
        "dilutedAverageSharesOutstanding": 359.3,
        "dilutedEPS": 7.5007,
        "ebit": 3209,
        "equityEarningsAffiliates": 144,
        "grossPremiumsEarned": 50232,
        "minorityInterest": -119,
        "netIncome": 2695,
        "netIncomeAfterTaxes": 2702,
        "nonRecurringItems": 0,
        "otherOperatingExpensesTotal": -4090,
        "period": "2024-12-31",
        "pretaxIncome": 3209,
        "provisionforIncomeTaxes": 507,
        "revenue": 66315,
        "sgaExpense": 14040,
        "totalOperatingExpense": 63106,
        "year": 2024
      },
      {
        "benefitsClaimsLossAdjustment": 35251,
        "deferredPolicyAcquisitionExpense": 1459,
        "dilutedAverageSharesOutstanding": 364.6,
        "dilutedEPS": 6.7444,
        "ebit": 3249,
        "equityEarningsAffiliates": 49,
        "grossPremiumsEarned": 35956,
        "minorityInterest": -20,
        "netIncome": 2459,
        "netIncomeAfterTaxes": 2459,
        "nonRecurringItems": -177,
        "otherOperatingExpensesTotal": -3717,
        "period": "2023-12-31",
        "pretaxIncome": 3072,
        "provisionforIncomeTaxes": 613,
        "revenue": 53979,
        "sgaExpense": 14020,
        "totalOperatingExpense": 47013,
        "year": 2023
      },
      {
        "benefitsClaimsLossAdjustment": 43663,
        "deferredPolicyAcquisitionExpense": 1433,
        "dilutedAverageSharesOutstanding": 372.3,
        "dilutedEPS": -4.491,
        "ebit": -989,
        "equityEarningsAffiliates": -62,
        "grossPremiumsEarned": 41698,
        "minorityInterest": 28,
        "netIncome": -1672,
        "netIncomeAfterTaxes": -1613,
        "nonRecurringItems": -903,
        "otherOperatingExpensesTotal": -4062,
        "period": "2022-12-31",
        "pretaxIncome": -1892,
        "provisionforIncomeTaxes": -279,
        "revenue": 60050,
        "sgaExpense": 12774,
        "totalOperatingExpense": 53808,
        "year": 2022
      },
      {
        "benefitsClaimsLossAdjustment": 41387,
        "deferredPolicyAcquisitionExpense": 1482,
        "dilutedAverageSharesOutstanding": 390.1,
        "dilutedEPS": 22.3943,
        "ebit": 11895,
        "equityEarningsAffiliates": 98,
        "grossPremiumsEarned": 47248,
        "minorityInterest": -70,
        "netIncome": 8736,
        "netIncomeAfterTaxes": 8840,
        "nonRecurringItems": -1060,
        "period": "2021-12-31",
        "pretaxIncome": 10835,
        "provisionforIncomeTaxes": 1995,
        "revenue": 70934,
        "sgaExpense": 16483,
        "totalOperatingExpense": 59352,
        "year": 2021
      },
      {
        "benefitsClaimsLossAdjustment": 39597,
        "deferredPolicyAcquisitionExpense": 2221,
        "dilutedAverageSharesOutstanding": 396,
        "dilutedEPS": -1,
        "ebit": -323,
        "equityEarningsAffiliates": 96,
        "grossPremiumsEarned": 43510,
        "minorityInterest": -228,
        "netIncome": -395,
        "netIncomeAfterTaxes": -242,
        "period": "2020-12-31",
        "pretaxIncome": -323,
        "provisionforIncomeTaxes": -81,
        "revenue": 57033,
        "sgaExpense": 15538,
        "totalOperatingExpense": 57356,
        "year": 2020
      },
      {
        "benefitsClaimsLossAdjustment": 41700,
        "deferredPolicyAcquisitionExpense": 2332,
        "dilutedAverageSharesOutstanding": 411,
        "dilutedEPS": 10.07,
        "ebit": 5400,
        "equityEarningsAffiliates": 100,
        "grossPremiumsEarned": 47681,
        "minorityInterest": -52,
        "netIncome": 4140,
        "netIncomeAfterTaxes": 4138,
        "nonRecurringItems": -315,
        "period": "2019-12-31",
        "pretaxIncome": 5085,
        "provisionforIncomeTaxes": 947,
        "revenue": 65122,
        "sgaExpense": 15690,
        "totalOperatingExpense": 59722,
        "year": 2019
      },
      {
        "benefitsClaimsLossAdjustment": 42600,
        "deferredPolicyAcquisitionExpense": 2273,
        "dilutedAverageSharesOutstanding": 426,
        "dilutedEPS": 9.45,
        "ebit": 5113,
        "equityEarningsAffiliates": 76,
        "grossPremiumsEarned": 44839,
        "minorityInterest": -14,
        "netIncome": 4026,
        "netIncomeAfterTaxes": 3859,
        "nonRecurringItems": -279,
        "period": "2018-12-31",
        "pretaxIncome": 4834,
        "provisionforIncomeTaxes": 975,
        "revenue": 63271,
        "sgaExpense": 13285,
        "totalOperatingExpense": 58158,
        "year": 2018
      },
      {
        "benefitsClaimsLossAdjustment": 37616,
        "deferredPolicyAcquisitionExpense": 1580,
        "dilutedAverageSharesOutstanding": 436,
        "dilutedEPS": 17.81,
        "ebit": 6754,
        "equityEarningsAffiliates": 49,
        "grossPremiumsEarned": 42822,
        "minorityInterest": -111,
        "netIncome": 7768,
        "netIncomeAfterTaxes": 5045,
        "nonRecurringItems": -267,
        "period": "2017-12-31",
        "pretaxIncome": 6487,
        "provisionforIncomeTaxes": 1442,
        "revenue": 59956,
        "sgaExpense": 14006,
        "totalOperatingExpense": 53202,
        "year": 2017
      },
      {
        "benefitsClaimsLossAdjustment": 37393,
        "deferredPolicyAcquisitionExpense": 1877,
        "dilutedAverageSharesOutstanding": 447,
        "dilutedEPS": 9.65,
        "ebit": 5927,
        "equityEarningsAffiliates": 49,
        "grossPremiumsEarned": 41065,
        "minorityInterest": -51,
        "netIncome": 4318,
        "netIncomeAfterTaxes": 4370,
        "nonRecurringItems": -222,
        "period": "2016-12-31",
        "pretaxIncome": 5705,
        "provisionforIncomeTaxes": 1335,
        "revenue": 59001,
        "sgaExpense": 13804,
        "totalOperatingExpense": 53074,
        "year": 2016
      },
      {
        "benefitsClaimsLossAdjustment": 34106,
        "deferredPolicyAcquisitionExpense": 2120,
        "dilutedAverageSharesOutstanding": 460,
        "dilutedEPS": 12.14,
        "ebit": 7910,
        "equityEarningsAffiliates": 15,
        "grossPremiumsEarned": 38265,
        "minorityInterest": -70,
        "netIncome": 5587,
        "netIncomeAfterTaxes": 5697,
        "nonRecurringItems": -141,
        "period": "2015-12-31",
        "pretaxIncome": 7769,
        "provisionforIncomeTaxes": 2072,
        "revenue": 57260,
        "sgaExpense": 13124,
        "totalOperatingExpense": 49350,
        "year": 2015
      }
    ],
    "symbol": "PRU"
  }
}