{
  "symbol": "AXP",
  "statement": "ic",
  "frequency": "annual",
  "timestamp": "2025-09-19T13:55:48.911368",
  "data": {
    "financials": [
      {
        "costOfGoodsSold": 27076,
        "dilutedAverageSharesOutstanding": 713,
        "dilutedEPS": 14.02,
        "ebit": 12385,
        "grossIncome": 44568,
        "interestIncomeExpense": 102,
        "netIncome": 9995,
        "netIncomeAfterTaxes": 10129,
        "nonRecurringItems": 408,
        "otherOperatingExpensesTotal": 12906,
        "period": "2024-12-31",
        "pretaxIncome": 12895,
        "provisionforIncomeTaxes": 2766,
        "revenue": 71644,
        "sgaExpense": 19277,
        "totalOperatingExpense": 32183,
        "year": 2024
      },
      {
        "costOfGoodsSold": 26184,
        "dilutedAverageSharesOutstanding": 736,
        "dilutedEPS": 11.21,
        "ebit": 10762,
        "grossIncome": 41180,
        "interestIncomeExpense": -70,
        "netIncome": 8252,
        "netIncomeAfterTaxes": 8374,
        "nonRecurringItems": -179,
        "otherOperatingExpensesTotal": 12483,
        "period": "2023-12-31",
        "pretaxIncome": 10513,
        "provisionforIncomeTaxes": 2139,
        "revenue": 67364,
        "sgaExpense": 17935,
        "totalOperatingExpense": 30418,
        "year": 2023
      },
      {
        "costOfGoodsSold": 19724,
        "dilutedAverageSharesOutstanding": 752,
        "dilutedEPS": 9.84,
        "ebit": 9879,
        "grossIncome": 35901,
        "interestIncomeExpense": -294,
        "netIncome": 7400,
        "netIncomeAfterTaxes": 7514,
        "otherOperatingExpensesTotal": 8632,
        "period": "2022-12-31",
        "pretaxIncome": 9585,
        "provisionforIncomeTaxes": 2071,
        "revenue": 55625,
        "sgaExpense": 17390,
        "totalOperatingExpense": 26022,
        "year": 2022
      },
      {
        "costOfGoodsSold": 14283,
        "dilutedAverageSharesOutstanding": 790,
        "dilutedEPS": 10.02,
        "ebit": 9943,
        "grossIncome": 29380,
        "interestIncomeExpense": 746,
        "netIncome": 7917,
        "netIncomeAfterTaxes": 8060,
        "otherOperatingExpensesTotal": -245,
        "period": "2021-12-31",
        "pretaxIncome": 10689,
        "provisionforIncomeTaxes": 2629,
        "revenue": 43663,
        "sgaExpense": 19682,
        "totalOperatingExpense": 19437,
        "year": 2021
      },
      {
        "costOfGoodsSold": 11369,
        "depreciationAmortization": 54,
        "dilutedAverageSharesOutstanding": 806,
        "dilutedEPS": 3.77,
        "ebit": 4286,
        "grossIncome": 26816,
        "interestIncomeExpense": 10,
        "netIncome": 3036,
        "netIncomeAfterTaxes": 3135,
        "otherOperatingExpensesTotal": 5888,
        "period": "2020-12-31",
        "pretaxIncome": 4296,
        "provisionforIncomeTaxes": 1161,
        "revenue": 38185,
        "sgaExpense": 16588,
        "totalOperatingExpense": 22530,
        "year": 2020
      },
      {
        "costOfGoodsSold": 16125,
        "dilutedAverageSharesOutstanding": 830,
        "dilutedEPS": 7.99,
        "ebit": 8365,
        "grossIncome": 30895,
        "interestIncomeExpense": 64,
        "netIncome": 6631,
        "netIncomeAfterTaxes": 6759,
        "otherOperatingExpensesTotal": 5246,
        "period": "2019-12-31",
        "pretaxIncome": 8429,
        "provisionforIncomeTaxes": 1670,
        "revenue": 47020,
        "sgaExpense": 17284,
        "totalOperatingExpense": 22530,
        "year": 2019
      },
      {
        "costOfGoodsSold": 14427,
        "dilutedAverageSharesOutstanding": 859,
        "dilutedEPS": 7.9,
        "ebit": 8051,
        "grossIncome": 28854,
        "interestIncomeExpense": 71,
        "netIncome": 6787,
        "netIncomeAfterTaxes": 6425,
        "nonRecurringItems": 0,
        "otherOperatingExpensesTotal": 4925,
        "period": "2018-12-31",
        "pretaxIncome": 8122,
        "provisionforIncomeTaxes": 1697,
        "revenue": 43281,
        "sgaExpense": 15878,
        "totalOperatingExpense": 20803,
        "year": 2018
      },
      {
        "costOfGoodsSold": 12191,
        "dilutedAverageSharesOutstanding": 886,
        "dilutedEPS": 2.98,
        "ebit": 7454,
        "grossIncome": 26799,
        "interestIncomeExpense": -29,
        "netIncome": 2646,
        "netIncomeAfterTaxes": 5348,
        "nonRecurringItems": 0,
        "otherOperatingExpensesTotal": 4307,
        "period": "2017-12-31",
        "pretaxIncome": 7425,
        "provisionforIncomeTaxes": 2077,
        "revenue": 38990,
        "sgaExpense": 15038,
        "totalOperatingExpense": 19345,
        "year": 2017
      },
      {
        "costOfGoodsSold": 10615,
        "dilutedAverageSharesOutstanding": 935,
        "dilutedEPS": 5.62,
        "ebit": 6833,
        "grossIncome": 26528,
        "interestIncomeExpense": -9,
        "netIncome": 5252,
        "netIncomeAfterTaxes": 5375,
        "nonRecurringItems": 1218,
        "otherOperatingExpensesTotal": 3842,
        "period": "2016-12-31",
        "pretaxIncome": 8042,
        "provisionforIncomeTaxes": 2667,
        "revenue": 37143,
        "sgaExpense": 15853,
        "totalOperatingExpense": 19695,
        "year": 2016
      },
      {
        "costOfGoodsSold": 9632,
        "dilutedAverageSharesOutstanding": 1003,
        "dilutedEPS": 5.05,
        "ebit": 8635,
        "grossIncome": 24809,
        "interestIncomeExpense": -5,
        "netIncome": 5063,
        "netIncomeAfterTaxes": 5163,
        "nonRecurringItems": -692,
        "otherOperatingExpensesTotal": 3140,
        "period": "2015-12-31",
        "pretaxIncome": 7938,
        "provisionforIncomeTaxes": 2775,
        "revenue": 34441,
        "sgaExpense": 13034,
        "totalOperatingExpense": 16174,
        "year": 2015
      }
    ],
    "symbol": "AXP"
  }
}