{
  "symbol": "CMCSA",
  "statement": "ic",
  "frequency": "annual",
  "timestamp": "2025-09-19T13:58:19.333602",
  "data": {
    "financials": [
      {
        "costOfGoodsSold": 37026,
        "depreciationAmortization": 14801,
        "dilutedAverageSharesOutstanding": 3908,
        "dilutedEPS": 4.1433,
        "ebit": 23267,
        "grossIncome": 86705,
        "interestExpense": 4134,
        "interestIncomeExpense": -5126,
        "minorityInterest": 315,
        "netIncome": 16192,
        "netIncomeAfterTaxes": 15877,
        "nonRecurringItems": 30,
        "otherOperatingExpensesTotal": 1,
        "period": "2024-12-31",
        "pretaxIncome": 18673,
        "provisionforIncomeTaxes": 2796,
        "revenue": 123731,
        "sgaExpense": 48636,
        "totalOperatingExpense": 63438,
        "totalOtherIncomeExpenseNet": 502,
        "year": 2024
      },
      {
        "costOfGoodsSold": 36762,
        "depreciationAmortization": 14336,
        "dilutedAverageSharesOutstanding": 4148,
        "dilutedEPS": 3.7097,
        "ebit": 23298,
        "grossIncome": 84810,
        "interestExpense": 4087,
        "interestIncomeExpense": -3427,
        "minorityInterest": 282,
        "netIncome": 15388,
        "netIncomeAfterTaxes": 15107,
        "nonRecurringItems": 16,
        "otherOperatingExpensesTotal": -1,
        "period": "2023-12-31",
        "pretaxIncome": 20478,
        "provisionforIncomeTaxes": 5371,
        "revenue": 121572,
        "sgaExpense": 47177,
        "totalOperatingExpense": 61512,
        "totalOtherIncomeExpenseNet": 591,
        "year": 2023
      },
      {
        "costOfGoodsSold": 38213,
        "depreciationAmortization": 13821,
        "dilutedAverageSharesOutstanding": 4430,
        "dilutedEPS": 1.21,
        "ebit": 22637,
        "grossIncome": 83214,
        "interestExpense": 3896,
        "interestIncomeExpense": -4754,
        "minorityInterest": 445,
        "netIncome": 5370,
        "netIncomeAfterTaxes": 4925,
        "nonRecurringItems": -8596,
        "otherOperatingExpensesTotal": 0,
        "period": "2022-12-31",
        "pretaxIncome": 9284,
        "provisionforIncomeTaxes": 4359,
        "revenue": 121427,
        "sgaExpense": 46756,
        "totalOperatingExpense": 60577,
        "totalOtherIncomeExpenseNet": -3,
        "year": 2022
      },
      {
        "costOfGoodsSold": 38450,
        "depreciationAmortization": 13804,
        "dilutedAverageSharesOutstanding": 4654,
        "dilutedEPS": 3.04,
        "ebit": 20904,
        "grossIncome": 77935,
        "interestExpense": 4281,
        "interestIncomeExpense": -1935,
        "minorityInterest": 325,
        "netIncome": 14159,
        "netIncomeAfterTaxes": 13834,
        "nonRecurringItems": -87,
        "period": "2021-12-31",
        "pretaxIncome": 19093,
        "provisionforIncomeTaxes": 5259,
        "revenue": 116385,
        "sgaExpense": 43227,
        "totalOperatingExpense": 57031,
        "totalOtherIncomeExpenseNet": 211,
        "year": 2021
      },
      {
        "costOfGoodsSold": 33121,
        "depreciationAmortization": 13100,
        "dilutedAverageSharesOutstanding": 4624,
        "dilutedEPS": 2.28,
        "ebit": 17549,
        "grossIncome": 70443,
        "interestExpense": 4588,
        "interestIncomeExpense": -3687,
        "minorityInterest": -167,
        "netIncome": 10534,
        "netIncomeAfterTaxes": 10701,
        "nonRecurringItems": -56,
        "period": "2020-12-31",
        "pretaxIncome": 14065,
        "provisionforIncomeTaxes": 3364,
        "revenue": 103564,
        "sgaExpense": 39794,
        "totalOperatingExpense": 52894,
        "totalOtherIncomeExpenseNet": 259,
        "year": 2020
      },
      {
        "costOfGoodsSold": 34440,
        "depreciationAmortization": 12953,
        "dilutedAverageSharesOutstanding": 4610,
        "dilutedEPS": 2.83,
        "ebit": 21305,
        "grossIncome": 74502,
        "interestExpense": 4567,
        "interestIncomeExpense": -4416,
        "minorityInterest": -266,
        "netIncome": 13057,
        "netIncomeAfterTaxes": 13323,
        "nonRecurringItems": -180,
        "period": "2019-12-31",
        "pretaxIncome": 16996,
        "provisionforIncomeTaxes": 3673,
        "revenue": 108942,
        "sgaExpense": 40244,
        "totalOperatingExpense": 53197,
        "totalOtherIncomeExpenseNet": 287,
        "year": 2019
      },
      {
        "costOfGoodsSold": 29692,
        "depreciationAmortization": 11017,
        "dilutedAverageSharesOutstanding": 4640,
        "dilutedEPS": 2.53,
        "ebit": 18793,
        "grossIncome": 64815,
        "interestExpense": 3542,
        "interestIncomeExpense": -4093,
        "minorityInterest": -131,
        "netIncome": 11731,
        "netIncomeAfterTaxes": 11882,
        "nonRecurringItems": 216,
        "period": "2018-12-31",
        "pretaxIncome": 15242,
        "provisionforIncomeTaxes": 3360,
        "revenue": 94507,
        "sgaExpense": 35005,
        "totalOperatingExpense": 46022,
        "totalOtherIncomeExpenseNet": 326,
        "year": 2018
      },
      {
        "costOfGoodsSold": 25355,
        "depreciationAmortization": 10130,
        "dilutedAverageSharesOutstanding": 4786,
        "dilutedEPS": 4.75,
        "ebit": 17826,
        "grossIncome": 59674,
        "interestExpense": 3086,
        "interestIncomeExpense": -2996,
        "minorityInterest": -187,
        "netIncome": 22735,
        "netIncomeAfterTaxes": 10240,
        "nonRecurringItems": 192,
        "period": "2017-12-31",
        "pretaxIncome": 15353,
        "provisionforIncomeTaxes": 5113,
        "revenue": 85029,
        "sgaExpense": 31718,
        "totalOperatingExpense": 41848,
        "totalOtherIncomeExpenseNet": 331,
        "year": 2017
      },
      {
        "costOfGoodsSold": 24348,
        "depreciationAmortization": 9426,
        "dilutedAverageSharesOutstanding": 4875,
        "dilutedEPS": 1.78,
        "ebit": 16831,
        "grossIncome": 56388,
        "interestExpense": 2942,
        "interestIncomeExpense": -3034,
        "minorityInterest": -350,
        "netIncome": 8678,
        "netIncomeAfterTaxes": 9028,
        "nonRecurringItems": 0,
        "period": "2016-12-31",
        "pretaxIncome": 14326,
        "provisionforIncomeTaxes": 5298,
        "revenue": 80736,
        "sgaExpense": 30131,
        "totalOperatingExpense": 39557,
        "totalOtherIncomeExpenseNet": 529,
        "year": 2016
      },
      {
        "costOfGoodsSold": 22550,
        "depreciationAmortization": 8680,
        "dilutedAverageSharesOutstanding": 5036,
        "dilutedEPS": 1.62,
        "ebit": 15998,
        "grossIncome": 51960,
        "interestExpense": 2702,
        "interestIncomeExpense": -2900,
        "minorityInterest": -250,
        "netIncome": 8163,
        "netIncomeAfterTaxes": 8413,
        "nonRecurringItems": -59,
        "period": "2015-12-31",
        "pretaxIncome": 13372,
        "provisionforIncomeTaxes": 4959,
        "revenue": 74510,
        "sgaExpense": 27282,
        "totalOperatingExpense": 35962,
        "totalOtherIncomeExpenseNet": 333,
        "year": 2015
      }
    ],
    "symbol": "CMCSA"
  }
}