{
  "symbol": "FIS",
  "statement": "ic",
  "frequency": "quarterly",
  "timestamp": "2025-09-19T14:00:28.318409",
  "data": {
    "financials": [
      {
        "costOfGoodsSold": 1664,
        "dilutedAverageSharesOutstanding": 525,
        "dilutedEPS": -0.8952,
        "ebit": 408,
        "equityEarningsAffiliates": -598,
        "grossIncome": 952,
        "interestExpense": 110,
        "interestIncomeExpense": -110,
        "minorityInterest": -1,
        "netIncome": -470,
        "netIncomeAfterTaxes": 129,
        "nonRecurringItems": -1,
        "otherOperatingExpensesTotal": -28,
        "period": "2025-06-30",
        "pretaxIncome": 139,
        "provisionforIncomeTaxes": 10,
        "revenue": 2616,
        "sgaExpense": 572,
        "totalOperatingExpense": 544,
        "totalOtherIncomeExpenseNet": -158
      },
      {
        "costOfGoodsSold": 1653,
        "dilutedAverageSharesOutstanding": 531,
        "dilutedEPS": 0.145,
        "ebit": 349,
        "equityEarningsAffiliates": -71,
        "grossIncome": 879,
        "interestExpense": 80,
        "interestIncomeExpense": -80,
        "minorityInterest": -1,
        "netIncome": 77,
        "netIncomeAfterTaxes": 149,
        "nonRecurringItems": 75,
        "otherOperatingExpensesTotal": -28,
        "period": "2025-03-31",
        "pretaxIncome": 230,
        "provisionforIncomeTaxes": 81,
        "revenue": 2532,
        "sgaExpense": 558,
        "totalOperatingExpense": 530,
        "totalOtherIncomeExpenseNet": -114
      },
      {
        "costOfGoodsSold": 1623,
        "dilutedAverageSharesOutstanding": 538,
        "dilutedEPS": 0.52,
        "ebit": 526,
        "equityEarningsAffiliates": -35,
        "grossIncome": 976,
        "interestExpense": 167,
        "interestIncomeExpense": -66,
        "minorityInterest": -1,
        "netIncome": 281,
        "netIncomeAfterTaxes": 341,
        "nonRecurringItems": -33,
        "otherOperatingExpensesTotal": -32,
        "period": "2024-12-31",
        "pretaxIncome": 488,
        "provisionforIncomeTaxes": 147,
        "revenue": 2599,
        "sgaExpense": 482,
        "totalOperatingExpense": 450,
        "totalOtherIncomeExpenseNet": 61
      },
      {
        "costOfGoodsSold": 1593,
        "dilutedAverageSharesOutstanding": 548,
        "dilutedEPS": 0.4,
        "ebit": 492,
        "equityEarningsAffiliates": -33,
        "grossIncome": 977,
        "interestExpense": 64,
        "interestIncomeExpense": -64,
        "minorityInterest": -1,
        "netIncome": 224,
        "netIncomeAfterTaxes": 280,
        "nonRecurringItems": -2,
        "otherOperatingExpensesTotal": -36,
        "period": "2024-09-30",
        "pretaxIncome": 388,
        "provisionforIncomeTaxes": 108,
        "revenue": 2570,
        "sgaExpense": 521,
        "totalOperatingExpense": 485,
        "totalOtherIncomeExpenseNet": -38
      },
      {
        "costOfGoodsSold": 1555,
        "dilutedAverageSharesOutstanding": 537.093,
        "dilutedEPS": 0.4,
        "ebit": 368,
        "equityEarningsAffiliates": 9,
        "grossIncome": 936,
        "interestExpense": 43,
        "interestIncomeExpense": -43,
        "minorityInterest": 0,
        "netIncome": 221,
        "netIncomeAfterTaxes": 210,
        "nonRecurringItems": -7,
        "otherOperatingExpensesTotal": -41,
        "period": "2024-06-30",
        "pretaxIncome": 291,
        "provisionforIncomeTaxes": 81,
        "revenue": 2491,
        "sgaExpense": 609,
        "totalOperatingExpense": 568,
        "totalOtherIncomeExpenseNet": -27
      },
      {
        "costOfGoodsSold": 1552,
        "dilutedAverageSharesOutstanding": 578,
        "dilutedEPS": 1.25,
        "ebit": 375,
        "equityEarningsAffiliates": -86,
        "grossIncome": 915,
        "interestExpense": 77,
        "interestIncomeExpense": -77,
        "minorityInterest": -1,
        "netIncome": 724,
        "netIncomeAfterTaxes": 104,
        "nonRecurringItems": -15,
        "otherOperatingExpensesTotal": -33,
        "period": "2024-03-31",
        "pretaxIncome": 130,
        "provisionforIncomeTaxes": 26,
        "revenue": 2467,
        "sgaExpense": 573,
        "totalOperatingExpense": 540,
        "totalOtherIncomeExpenseNet": -153
      },
      {
        "costOfGoodsSold": 1535,
        "dilutedAverageSharesOutstanding": 591,
        "dilutedEPS": 0.42,
        "ebit": 436,
        "grossIncome": 975,
        "interestExpense": 249,
        "interestIncomeExpense": -157,
        "minorityInterest": -1,
        "netIncome": 251,
        "netIncomeAfterTaxes": 64,
        "nonRecurringItems": -109,
        "period": "2023-12-31",
        "pretaxIncome": 82,
        "provisionforIncomeTaxes": 18,
        "revenue": 2510,
        "sgaExpense": 539,
        "totalOperatingExpense": 539,
        "totalOtherIncomeExpenseNet": -88
      },
      {
        "costOfGoodsSold": 1531,
        "dilutedAverageSharesOutstanding": 592,
        "dilutedEPS": -0.77,
        "ebit": 477,
        "equityEarningsAffiliates": 0,
        "grossIncome": 961,
        "interestExpense": 162,
        "interestIncomeExpense": -162,
        "minorityInterest": -1,
        "netIncome": -461,
        "netIncomeAfterTaxes": 249,
        "nonRecurringItems": -17,
        "otherOperatingExpensesTotal": 0,
        "period": "2023-09-30",
        "pretaxIncome": 319,
        "provisionforIncomeTaxes": 70,
        "revenue": 2492,
        "sgaExpense": 484,
        "totalOperatingExpense": 484,
        "totalOtherIncomeExpenseNet": 21
      },
      {
        "costOfGoodsSold": 1532,
        "dilutedAverageSharesOutstanding": 597.505,
        "dilutedEPS": -11.01,
        "ebit": 341,
        "equityEarningsAffiliates": 0,
        "grossIncome": 897,
        "interestExpense": 160,
        "interestIncomeExpense": -160,
        "minorityInterest": -1,
        "netIncome": -6583,
        "netIncomeAfterTaxes": 98,
        "nonRecurringItems": -33,
        "otherOperatingExpensesTotal": 0,
        "period": "2023-06-30",
        "pretaxIncome": 131,
        "provisionforIncomeTaxes": 33,
        "revenue": 2429,
        "sgaExpense": 556,
        "totalOperatingExpense": 556,
        "totalOtherIncomeExpenseNet": -17
      },
      {
        "costOfGoodsSold": 1569,
        "dilutedAverageSharesOutstanding": 593,
        "dilutedEPS": 0.23,
        "ebit": 311,
        "equityEarningsAffiliates": 0,
        "grossIncome": 828,
        "interestExpense": 142,
        "interestIncomeExpense": -142,
        "minorityInterest": 0,
        "netIncome": 140,
        "netIncomeAfterTaxes": 96,
        "nonRecurringItems": -2,
        "otherOperatingExpensesTotal": 0,
        "period": "2023-03-31",
        "pretaxIncome": 133,
        "provisionforIncomeTaxes": 37,
        "revenue": 2397,
        "sgaExpense": 517,
        "totalOperatingExpense": 517,
        "totalOtherIncomeExpenseNet": -34
      },
      {
        "costOfGoodsSold": 1570,
        "dilutedAverageSharesOutstanding": 593,
        "dilutedEPS": -29.28,
        "ebit": 396,
        "grossIncome": 955,
        "interestExpense": 129,
        "interestIncomeExpense": -190,
        "minorityInterest": -2,
        "netIncome": -17366,
        "netIncomeAfterTaxes": 111,
        "nonRecurringItems": -17,
        "period": "2022-12-31",
        "pretaxIncome": 218,
        "provisionforIncomeTaxes": 107,
        "revenue": 2525,
        "sgaExpense": 559,
        "totalOperatingExpense": 559,
        "totalOtherIncomeExpenseNet": 29
      },
      {
        "costOfGoodsSold": 1534,
        "dilutedAverageSharesOutstanding": 607,
        "dilutedEPS": 0.41,
        "ebit": 401,
        "grossIncome": 881,
        "interestExpense": 78,
        "interestIncomeExpense": -78,
        "minorityInterest": -4,
        "netIncome": 249,
        "netIncomeAfterTaxes": 222,
        "nonRecurringItems": -17,
        "period": "2022-09-30",
        "pretaxIncome": 324,
        "provisionforIncomeTaxes": 102,
        "revenue": 2415,
        "sgaExpense": 480,
        "totalOperatingExpense": 480,
        "totalOtherIncomeExpenseNet": 18
      },
      {
        "costOfGoodsSold": 870,
        "dilutedAverageSharesOutstanding": 610.692,
        "dilutedEPS": 0.45,
        "ebit": 309,
        "grossIncome": 417,
        "interestExpense": 48,
        "interestIncomeExpense": -67,
        "minorityInterest": -1,
        "netIncome": 277,
        "netIncomeAfterTaxes": 162,
        "nonRecurringItems": -11,
        "period": "2022-06-30",
        "pretaxIncome": 224,
        "provisionforIncomeTaxes": 62,
        "revenue": 1287,
        "sgaExpense": 108,
        "totalOperatingExpense": 108,
        "totalOtherIncomeExpenseNet": -7
      },
      {
        "costOfGoodsSold": 2242,
        "dilutedAverageSharesOutstanding": 614,
        "dilutedEPS": 0.2,
        "ebit": 215,
        "equityEarningsAffiliates": 0,
        "grossIncome": 1250,
        "interestExpense": 43,
        "interestIncomeExpense": 23,
        "minorityInterest": -1,
        "netIncome": 120,
        "netIncomeAfterTaxes": 121,
        "nonRecurringItems": -58,
        "period": "2022-03-31",
        "pretaxIncome": 175,
        "provisionforIncomeTaxes": 54,
        "revenue": 3492,
        "sgaExpense": 1035,
        "totalOperatingExpense": 1035,
        "totalOtherIncomeExpenseNet": -5
      },
      {
        "costOfGoodsSold": -441,
        "dilutedAverageSharesOutstanding": 633.648,
        "dilutedEPS": 0.45,
        "ebit": 432,
        "equityEarningsAffiliates": 0,
        "grossIncome": -425,
        "interestExpense": 46,
        "interestIncomeExpense": -254,
        "minorityInterest": 5,
        "netIncome": 291,
        "netIncomeAfterTaxes": 189,
        "nonRecurringItems": 311,
        "period": "2021-12-31",
        "pretaxIncome": 346,
        "provisionforIncomeTaxes": 157,
        "revenue": -866,
        "sgaExpense": -857,
        "totalOperatingExpense": -857,
        "totalOtherIncomeExpenseNet": -143
      },
      {
        "costOfGoodsSold": 2178,
        "dilutedAverageSharesOutstanding": 619,
        "dilutedEPS": 0.26,
        "ebit": 340,
        "equityEarningsAffiliates": 0,
        "grossIncome": 1329,
        "interestExpense": 46,
        "interestIncomeExpense": 77,
        "minorityInterest": -3,
        "netIncome": 158,
        "netIncomeAfterTaxes": 161,
        "nonRecurringItems": -202,
        "period": "2021-09-30",
        "pretaxIncome": 202,
        "provisionforIncomeTaxes": 41,
        "revenue": 3507,
        "sgaExpense": 989,
        "totalOperatingExpense": 989,
        "totalOtherIncomeExpenseNet": -13
      },
      {
        "costOfGoodsSold": 2135,
        "dilutedAverageSharesOutstanding": 624,
        "dilutedEPS": 0.55,
        "ebit": 363,
        "equityEarningsAffiliates": 5,
        "grossIncome": 1340,
        "interestExpense": 48,
        "interestIncomeExpense": 34,
        "minorityInterest": -1,
        "netIncome": 341,
        "netIncomeAfterTaxes": 337,
        "nonRecurringItems": 225,
        "period": "2021-06-30",
        "pretaxIncome": 639,
        "provisionforIncomeTaxes": 302,
        "revenue": 3475,
        "sgaExpense": 977,
        "totalOperatingExpense": 977,
        "totalOtherIncomeExpenseNet": 17
      },
      {
        "costOfGoodsSold": 2118,
        "dilutedAverageSharesOutstanding": 621,
        "dilutedEPS": -0.6,
        "ebit": 99,
        "equityEarningsAffiliates": 1,
        "grossIncome": 1105,
        "interestExpense": 74,
        "interestIncomeExpense": -69,
        "minorityInterest": -3,
        "netIncome": -373,
        "netIncomeAfterTaxes": -371,
        "nonRecurringItems": -528,
        "period": "2021-03-31",
        "pretaxIncome": -468,
        "provisionforIncomeTaxes": -97,
        "revenue": 3223,
        "sgaExpense": 1006,
        "totalOperatingExpense": 1006,
        "totalOtherIncomeExpenseNet": 30
      },
      {
        "costOfGoodsSold": 2110,
        "dilutedAverageSharesOutstanding": 630,
        "dilutedEPS": 0.17,
        "ebit": 303,
        "equityEarningsAffiliates": 3,
        "grossIncome": 1206,
        "interestExpense": 87,
        "interestIncomeExpense": -82,
        "minorityInterest": 1,
        "netIncome": 104,
        "netIncomeAfterTaxes": 100,
        "nonRecurringItems": -136,
        "period": "2020-12-31",
        "pretaxIncome": 102,
        "provisionforIncomeTaxes": 2,
        "revenue": 3316,
        "sgaExpense": 903,
        "totalOperatingExpense": 903,
        "totalOtherIncomeExpenseNet": 17
      },
      {
        "costOfGoodsSold": 2104,
        "dilutedAverageSharesOutstanding": 627,
        "dilutedEPS": 0.03,
        "ebit": 231,
        "equityEarningsAffiliates": 0,
        "grossIncome": 1093,
        "interestExpense": 84,
        "interestIncomeExpense": -84,
        "minorityInterest": -2,
        "netIncome": 20,
        "netIncomeAfterTaxes": 22,
        "nonRecurringItems": 0,
        "period": "2020-09-30",
        "pretaxIncome": 143,
        "provisionforIncomeTaxes": 121,
        "revenue": 3197,
        "sgaExpense": 862,
        "totalOperatingExpense": 862,
        "totalOtherIncomeExpenseNet": -4
      },
      {
        "costOfGoodsSold": 2046,
        "dilutedAverageSharesOutstanding": 625,
        "dilutedEPS": 0.03,
        "ebit": 46,
        "equityEarningsAffiliates": -7,
        "grossIncome": 916,
        "interestExpense": 88,
        "interestIncomeExpense": -88,
        "minorityInterest": -2,
        "netIncome": 19,
        "netIncomeAfterTaxes": 28,
        "period": "2020-06-30",
        "pretaxIncome": 32,
        "provisionforIncomeTaxes": 4,
        "revenue": 2962,
        "sgaExpense": 870,
        "totalOperatingExpense": 870,
        "totalOtherIncomeExpenseNet": 74
      },
      {
        "costOfGoodsSold": 2089,
        "dilutedAverageSharesOutstanding": 625,
        "dilutedEPS": 0.02,
        "ebit": 108,
        "equityEarningsAffiliates": -1,
        "grossIncome": 989,
        "interestExpense": 80,
        "interestIncomeExpense": -80,
        "minorityInterest": -3,
        "netIncome": 15,
        "netIncomeAfterTaxes": 19,
        "period": "2020-03-31",
        "pretaxIncome": -11,
        "provisionforIncomeTaxes": -30,
        "revenue": 3078,
        "sgaExpense": 881,
        "totalOperatingExpense": 881,
        "totalOtherIncomeExpenseNet": -39
      },
      {
        "costOfGoodsSold": 1987,
        "dilutedAverageSharesOutstanding": 616,
        "dilutedEPS": -0.26,
        "ebit": 123,
        "equityEarningsAffiliates": 8,
        "grossIncome": 1355,
        "interestExpense": 147,
        "interestIncomeExpense": -95,
        "minorityInterest": -2,
        "netIncome": -158,
        "netIncomeAfterTaxes": -164,
        "nonRecurringItems": 0,
        "period": "2019-12-31",
        "pretaxIncome": -183,
        "provisionforIncomeTaxes": -19,
        "revenue": 3342,
        "sgaExpense": 1232,
        "totalOperatingExpense": 1232,
        "totalOtherIncomeExpenseNet": -211
      },
      {
        "costOfGoodsSold": 1838,
        "dilutedAverageSharesOutstanding": 524,
        "dilutedEPS": 0.29,
        "ebit": 227,
        "equityEarningsAffiliates": -5,
        "grossIncome": 984,
        "interestExpense": 95,
        "interestIncomeExpense": -95,
        "minorityInterest": -2,
        "netIncome": 154,
        "netIncomeAfterTaxes": 161,
        "nonRecurringItems": -87,
        "period": "2019-09-30",
        "pretaxIncome": 209,
        "provisionforIncomeTaxes": 48,
        "revenue": 2822,
        "sgaExpense": 757,
        "totalOperatingExpense": 757,
        "totalOtherIncomeExpenseNet": 164
      },
      {
        "costOfGoodsSold": 1404,
        "dilutedAverageSharesOutstanding": 327,
        "dilutedEPS": 0.47,
        "ebit": 391,
        "equityEarningsAffiliates": -4,
        "grossIncome": 708,
        "interestExpense": 72,
        "interestIncomeExpense": -72,
        "minorityInterest": -1,
        "netIncome": 154,
        "netIncomeAfterTaxes": 159,
        "period": "2019-06-30",
        "pretaxIncome": 199,
        "provisionforIncomeTaxes": 40,
        "revenue": 2112,
        "sgaExpense": 317,
        "totalOperatingExpense": 317,
        "totalOtherIncomeExpenseNet": -120
      },
      {
        "costOfGoodsSold": 1381,
        "dilutedAverageSharesOutstanding": 326,
        "dilutedEPS": 0.45,
        "ebit": 315,
        "equityEarningsAffiliates": -7,
        "grossIncome": 676,
        "interestExpense": 75,
        "interestIncomeExpense": -75,
        "minorityInterest": -1,
        "netIncome": 148,
        "netIncomeAfterTaxes": 156,
        "period": "2019-03-31",
        "pretaxIncome": 188,
        "provisionforIncomeTaxes": 32,
        "revenue": 2057,
        "sgaExpense": 361,
        "totalOperatingExpense": 361,
        "totalOtherIncomeExpenseNet": -52
      },
      {
        "costOfGoodsSold": 1377,
        "dilutedAverageSharesOutstanding": 329,
        "dilutedEPS": 0.91,
        "ebit": 469,
        "equityEarningsAffiliates": -4,
        "grossIncome": 790,
        "interestExpense": 89,
        "interestIncomeExpense": -72,
        "minorityInterest": -12,
        "netIncome": 298,
        "netIncomeAfterTaxes": 314,
        "nonRecurringItems": 0,
        "period": "2018-12-31",
        "pretaxIncome": 400,
        "provisionforIncomeTaxes": 86,
        "revenue": 2167,
        "sgaExpense": 321,
        "totalOperatingExpense": 321,
        "totalOtherIncomeExpenseNet": 3
      },
      {
        "costOfGoodsSold": 1364,
        "dilutedAverageSharesOutstanding": 331,
        "dilutedEPS": 0.47,
        "ebit": 437,
        "equityEarningsAffiliates": -4,
        "grossIncome": 720,
        "interestExpense": 80,
        "interestIncomeExpense": -80,
        "minorityInterest": -9,
        "netIncome": 154,
        "netIncomeAfterTaxes": 167,
        "nonRecurringItems": -95,
        "period": "2018-09-30",
        "pretaxIncome": 204,
        "provisionforIncomeTaxes": 37,
        "revenue": 2084,
        "sgaExpense": 283,
        "totalOperatingExpense": 283,
        "totalOtherIncomeExpenseNet": -58
      },
      {
        "costOfGoodsSold": 1414,
        "dilutedAverageSharesOutstanding": 333,
        "dilutedEPS": 0.64,
        "ebit": 353,
        "equityEarningsAffiliates": -7,
        "grossIncome": 692,
        "interestExpense": 73,
        "interestIncomeExpense": -73,
        "minorityInterest": -6,
        "netIncome": 212,
        "netIncomeAfterTaxes": 225,
        "period": "2018-06-30",
        "pretaxIncome": 276,
        "provisionforIncomeTaxes": 51,
        "revenue": 2106,
        "sgaExpense": 339,
        "totalOperatingExpense": 339,
        "totalOtherIncomeExpenseNet": -4
      },
      {
        "costOfGoodsSold": 1414,
        "dilutedAverageSharesOutstanding": 334,
        "dilutedEPS": 0.54,
        "ebit": 294,
        "equityEarningsAffiliates": -1,
        "grossIncome": 652,
        "interestExpense": 72,
        "interestIncomeExpense": -72,
        "minorityInterest": -8,
        "netIncome": 182,
        "netIncomeAfterTaxes": 191,
        "period": "2018-03-31",
        "pretaxIncome": 225,
        "provisionforIncomeTaxes": 34,
        "revenue": 2066,
        "sgaExpense": 358,
        "totalOperatingExpense": 358,
        "totalOtherIncomeExpenseNet": 3
      },
      {
        "costOfGoodsSold": 1397,
        "dilutedAverageSharesOutstanding": 339,
        "dilutedEPS": 2.75,
        "ebit": 431,
        "equityEarningsAffiliates": -3,
        "grossIncome": 769,
        "interestExpense": 92,
        "interestIncomeExpense": -70,
        "minorityInterest": -9,
        "netIncome": 934,
        "netIncomeAfterTaxes": 186,
        "nonRecurringItems": 0,
        "period": "2017-12-31",
        "pretaxIncome": 365,
        "provisionforIncomeTaxes": 179,
        "revenue": 2166,
        "sgaExpense": 338,
        "totalOperatingExpense": 338,
        "totalOtherIncomeExpenseNet": 4
      },
      {
        "costOfGoodsSold": 1386,
        "dilutedAverageSharesOutstanding": 336,
        "dilutedEPS": 0.18,
        "ebit": 385,
        "equityEarningsAffiliates": 0,
        "grossIncome": 710,
        "interestExpense": 84,
        "interestIncomeExpense": -84,
        "minorityInterest": -10,
        "netIncome": 59,
        "netIncomeAfterTaxes": 69,
        "nonRecurringItems": 0,
        "period": "2017-09-30",
        "pretaxIncome": 119,
        "provisionforIncomeTaxes": 50,
        "revenue": 2096,
        "sgaExpense": 325,
        "totalOperatingExpense": 325,
        "totalOtherIncomeExpenseNet": -182
      },
      {
        "costOfGoodsSold": 1520,
        "dilutedAverageSharesOutstanding": 334,
        "dilutedEPS": 0.42,
        "ebit": 370,
        "equityEarningsAffiliates": 0,
        "grossIncome": 738,
        "interestExpense": 91,
        "interestIncomeExpense": -91,
        "minorityInterest": -8,
        "netIncome": 139,
        "netIncomeAfterTaxes": 147,
        "period": "2017-06-30",
        "pretaxIncome": 283,
        "provisionforIncomeTaxes": 136,
        "revenue": 2258,
        "sgaExpense": 368,
        "totalOperatingExpense": 368,
        "totalOtherIncomeExpenseNet": 4
      },
      {
        "costOfGoodsSold": 1491,
        "dilutedAverageSharesOutstanding": 333,
        "dilutedEPS": 0.39,
        "ebit": 246,
        "equityEarningsAffiliates": 0,
        "grossIncome": 657,
        "interestExpense": 93,
        "interestIncomeExpense": -93,
        "minorityInterest": -6,
        "netIncome": 129,
        "netIncomeAfterTaxes": 135,
        "period": "2017-03-31",
        "pretaxIncome": 209,
        "provisionforIncomeTaxes": 74,
        "revenue": 2148,
        "sgaExpense": 411,
        "totalOperatingExpense": 411,
        "totalOtherIncomeExpenseNet": 56
      },
      {
        "costOfGoodsSold": 1553,
        "dilutedAverageSharesOutstanding": 333,
        "dilutedEPS": 0.62,
        "ebit": 433,
        "grossIncome": 893,
        "interestExpense": 119,
        "interestIncomeExpense": -99,
        "minorityInterest": -9,
        "netIncome": 207,
        "netIncomeAfterTaxes": 216,
        "period": "2016-12-31",
        "pretaxIncome": 333,
        "provisionforIncomeTaxes": 117,
        "revenue": 2446,
        "sgaExpense": 460,
        "totalOperatingExpense": 460,
        "totalOtherIncomeExpenseNet": -1
      },
      {
        "costOfGoodsSold": 1527,
        "dilutedAverageSharesOutstanding": 330,
        "dilutedEPS": 0.56,
        "ebit": 398,
        "grossIncome": 782,
        "interestExpense": 98,
        "interestIncomeExpense": -98,
        "minorityInterest": -6,
        "netIncome": 185,
        "netIncomeAfterTaxes": 191,
        "period": "2016-09-30",
        "pretaxIncome": 294,
        "provisionforIncomeTaxes": 103,
        "revenue": 2309,
        "sgaExpense": 384,
        "totalOperatingExpense": 384,
        "totalOtherIncomeExpenseNet": -6
      },
      {
        "costOfGoodsSold": 1600,
        "dilutedAverageSharesOutstanding": 329,
        "dilutedEPS": 0.36,
        "ebit": 283,
        "grossIncome": 705,
        "interestExpense": 93,
        "interestIncomeExpense": -93,
        "minorityInterest": -3,
        "netIncome": 121,
        "netIncomeAfterTaxes": 123,
        "period": "2016-06-30",
        "pretaxIncome": 189,
        "provisionforIncomeTaxes": 66,
        "revenue": 2305,
        "sgaExpense": 422,
        "totalOperatingExpense": 422,
        "totalOtherIncomeExpenseNet": -1
      },
      {
        "costOfGoodsSold": 1553,
        "dilutedAverageSharesOutstanding": 327,
        "dilutedEPS": 0.17,
        "ebit": 184,
        "grossIncome": 628,
        "interestExpense": 93,
        "interestIncomeExpense": -93,
        "minorityInterest": -4,
        "netIncome": 55,
        "netIncomeAfterTaxes": 59,
        "period": "2016-03-31",
        "pretaxIncome": 90,
        "provisionforIncomeTaxes": 31,
        "revenue": 2181,
        "sgaExpense": 444,
        "totalOperatingExpense": 444,
        "totalOtherIncomeExpenseNet": -1
      },
      {
        "costOfGoodsSold": 1234.4,
        "dilutedAverageSharesOutstanding": 301,
        "dilutedEPS": 0.35,
        "ebit": 258.6,
        "grossIncome": 641.2,
        "interestExpense": 90.2,
        "interestIncomeExpense": -74.2,
        "minorityInterest": -5.4,
        "netIncome": 105.7,
        "netIncomeAfterTaxes": 111.1,
        "period": "2015-12-31",
        "pretaxIncome": 175.9,
        "provisionforIncomeTaxes": 64.8,
        "revenue": 1875.6,
        "sgaExpense": 382.6,
        "totalOperatingExpense": 382.6,
        "totalOtherIncomeExpenseNet": -8.5
      },
      {
        "costOfGoodsSold": 1021.3,
        "dilutedAverageSharesOutstanding": 283.8,
        "dilutedEPS": 0.62,
        "ebit": 338.3,
        "grossIncome": 557.5,
        "interestExpense": 35.6,
        "interestIncomeExpense": -35.6,
        "minorityInterest": -4.6,
        "netIncome": 175.2,
        "netIncomeAfterTaxes": 181.5,
        "period": "2015-09-30",
        "pretaxIncome": 281.5,
        "provisionforIncomeTaxes": 100,
        "revenue": 1578.8,
        "sgaExpense": 219.2,
        "totalOperatingExpense": 219.2,
        "totalOtherIncomeExpenseNet": -21.2
      }
    ],
    "symbol": "FIS"
  }
}