{
  "symbol": "WDC",
  "statement": "ic",
  "frequency": "quarterly",
  "timestamp": "2025-09-19T14:08:50.558174",
  "data": {
    "financials": [
      {
        "costOfGoodsSold": 1538,
        "dilutedAverageSharesOutstanding": 362,
        "dilutedEPS": 0.75,
        "ebit": 681,
        "grossIncome": 1067,
        "interestExpense": 74,
        "interestIncomeExpense": -220,
        "netIncome": 273,
        "netIncomeAfterTaxes": 252,
        "nonRecurringItems": -101,
        "period": "2025-06-27",
        "pretaxIncome": 347,
        "provisionforIncomeTaxes": 95,
        "researchDevelopment": 262,
        "revenue": 2605,
        "sgaExpense": 124,
        "totalOperatingExpense": 386,
        "totalOtherIncomeExpenseNet": -13
      },
      {
        "costOfGoodsSold": 1382,
        "dilutedAverageSharesOutstanding": 358,
        "dilutedEPS": 1.41,
        "ebit": 559,
        "grossIncome": 912,
        "interestExpense": 91,
        "interestIncomeExpense": -687,
        "netIncome": 507,
        "netIncomeAfterTaxes": 772,
        "nonRecurringItems": 201,
        "period": "2025-03-28",
        "pretaxIncome": 74,
        "provisionforIncomeTaxes": -698,
        "researchDevelopment": 245,
        "revenue": 2294,
        "sgaExpense": 108,
        "totalOperatingExpense": 353,
        "totalOtherIncomeExpenseNet": 1
      },
      {
        "costOfGoodsSold": 2769,
        "dilutedAverageSharesOutstanding": 357,
        "dilutedEPS": 1.6275,
        "ebit": 776,
        "grossIncome": 1516,
        "interestExpense": 95,
        "interestIncomeExpense": -84,
        "netIncome": 581,
        "netIncomeAfterTaxes": 594,
        "nonRecurringItems": 76,
        "period": "2024-12-27",
        "pretaxIncome": 741,
        "provisionforIncomeTaxes": 147,
        "researchDevelopment": 502,
        "revenue": 4285,
        "sgaExpense": 238,
        "totalOperatingExpense": 740,
        "totalOtherIncomeExpenseNet": -27
      },
      {
        "costOfGoodsSold": 2544,
        "dilutedAverageSharesOutstanding": 357,
        "dilutedEPS": 1.3473,
        "ebit": 790,
        "grossIncome": 1551,
        "interestExpense": 99,
        "interestIncomeExpense": -90,
        "netIncome": 481,
        "netIncomeAfterTaxes": 493,
        "nonRecurringItems": -48,
        "period": "2024-09-27",
        "pretaxIncome": 628,
        "provisionforIncomeTaxes": 135,
        "researchDevelopment": 519,
        "revenue": 4095,
        "sgaExpense": 242,
        "totalOperatingExpense": 761,
        "totalOtherIncomeExpenseNet": -24
      },
      {
        "costOfGoodsSold": 2411,
        "dilutedAverageSharesOutstanding": 332,
        "dilutedEPS": 0.0874,
        "ebit": 595,
        "grossIncome": 1353,
        "interestExpense": 102,
        "interestIncomeExpense": -94,
        "netIncome": 29,
        "netIncomeAfterTaxes": 39,
        "nonRecurringItems": -379,
        "period": "2024-06-28",
        "pretaxIncome": 102,
        "provisionforIncomeTaxes": 63,
        "researchDevelopment": 538,
        "revenue": 3764,
        "sgaExpense": 220,
        "totalOperatingExpense": 758,
        "totalOtherIncomeExpenseNet": -20
      },
      {
        "costOfGoodsSold": 2456,
        "dilutedAverageSharesOutstanding": 335,
        "dilutedEPS": 0.3373,
        "ebit": 304,
        "grossIncome": 1001,
        "interestExpense": 108,
        "interestIncomeExpense": -98,
        "netIncome": 113,
        "netIncomeAfterTaxes": 135,
        "nonRecurringItems": -31,
        "otherOperatingExpensesTotal": 0,
        "period": "2024-03-29",
        "pretaxIncome": 178,
        "provisionforIncomeTaxes": 43,
        "researchDevelopment": 494,
        "revenue": 3457,
        "sgaExpense": 203,
        "totalOperatingExpense": 697,
        "totalOtherIncomeExpenseNet": 3
      },
      {
        "costOfGoodsSold": 5191,
        "dilutedAverageSharesOutstanding": 325,
        "dilutedEPS": -3.0585,
        "ebit": -689,
        "grossIncome": 591,
        "interestExpense": 108,
        "interestIncomeExpense": -186,
        "netIncome": -994,
        "netIncomeAfterTaxes": -972,
        "nonRecurringItems": -117,
        "otherOperatingExpensesTotal": 0,
        "period": "2023-12-29",
        "pretaxIncome": -941,
        "provisionforIncomeTaxes": 31,
        "researchDevelopment": 875,
        "revenue": 5782,
        "sgaExpense": 405,
        "totalOperatingExpense": 1280,
        "totalOtherIncomeExpenseNet": 51
      },
      {
        "costOfGoodsSold": 2651,
        "dilutedAverageSharesOutstanding": 323,
        "dilutedEPS": -2.1672,
        "ebit": -539,
        "grossIncome": 99,
        "interestExpense": 98,
        "interestIncomeExpense": -90,
        "netIncome": -700,
        "netIncomeAfterTaxes": -685,
        "nonRecurringItems": -57,
        "period": "2023-09-29",
        "pretaxIncome": -682,
        "provisionforIncomeTaxes": 3,
        "researchDevelopment": 431,
        "revenue": 2750,
        "sgaExpense": 207,
        "totalOperatingExpense": 638,
        "totalOtherIncomeExpenseNet": 4
      },
      {
        "costOfGoodsSold": 2580,
        "dilutedAverageSharesOutstanding": 318,
        "dilutedEPS": -2.2956,
        "ebit": -597,
        "grossIncome": 92,
        "interestExpense": 87,
        "interestIncomeExpense": -80,
        "netIncome": -730,
        "netIncomeAfterTaxes": -715,
        "nonRecurringItems": -53,
        "period": "2023-06-30",
        "pretaxIncome": -730,
        "provisionforIncomeTaxes": -15,
        "researchDevelopment": 458,
        "revenue": 2672,
        "sgaExpense": 231,
        "totalOperatingExpense": 689,
        "totalOtherIncomeExpenseNet": 0
      },
      {
        "costOfGoodsSold": 2517,
        "dilutedAverageSharesOutstanding": 319,
        "dilutedEPS": -1.8213,
        "ebit": -432,
        "grossIncome": 286,
        "interestExpense": 80,
        "interestIncomeExpense": -70,
        "netIncome": -581,
        "netIncomeAfterTaxes": -572,
        "nonRecurringItems": -40,
        "period": "2023-03-31",
        "pretaxIncome": -529,
        "provisionforIncomeTaxes": 43,
        "researchDevelopment": 476,
        "revenue": 2803,
        "sgaExpense": 242,
        "totalOperatingExpense": 718,
        "totalOtherIncomeExpenseNet": 13
      },
      {
        "costOfGoodsSold": 2579,
        "dilutedAverageSharesOutstanding": 318,
        "dilutedEPS": -1.4025,
        "ebit": -245,
        "grossIncome": 528,
        "interestExpense": 73,
        "interestIncomeExpense": -70,
        "netIncome": -446,
        "netIncomeAfterTaxes": -446,
        "nonRecurringItems": -76,
        "period": "2022-12-30",
        "pretaxIncome": -385,
        "provisionforIncomeTaxes": 61,
        "researchDevelopment": 523,
        "revenue": 3107,
        "sgaExpense": 250,
        "totalOperatingExpense": 773,
        "totalOtherIncomeExpenseNet": 6
      },
      {
        "costOfGoodsSold": 2755,
        "dilutedAverageSharesOutstanding": 319,
        "dilutedEPS": 0.0846,
        "ebit": 182,
        "grossIncome": 981,
        "interestExpense": 70,
        "interestIncomeExpense": -68,
        "netIncome": 27,
        "netIncomeAfterTaxes": 27,
        "nonRecurringItems": -24,
        "period": "2022-09-30",
        "pretaxIncome": 84,
        "provisionforIncomeTaxes": 57,
        "researchDevelopment": 552,
        "revenue": 3736,
        "sgaExpense": 247,
        "totalOperatingExpense": 799,
        "totalOtherIncomeExpenseNet": -6
      },
      {
        "costOfGoodsSold": 3016,
        "dilutedAverageSharesOutstanding": 316,
        "dilutedEPS": 0.9525,
        "ebit": 648,
        "grossIncome": 1512,
        "interestExpense": 75,
        "interestIncomeExpense": -73,
        "netIncome": 301,
        "netIncomeAfterTaxes": 301,
        "nonRecurringItems": -86,
        "period": "2022-07-01",
        "pretaxIncome": 511,
        "provisionforIncomeTaxes": 210,
        "researchDevelopment": 598,
        "revenue": 4528,
        "sgaExpense": 266,
        "totalOperatingExpense": 864,
        "totalOtherIncomeExpenseNet": 22
      },
      {
        "costOfGoodsSold": 2945,
        "dilutedAverageSharesOutstanding": 316,
        "dilutedEPS": 0.0791,
        "ebit": 583,
        "grossIncome": 1436,
        "interestExpense": 75,
        "interestIncomeExpense": -74,
        "netIncome": 25,
        "netIncomeAfterTaxes": 25,
        "nonRecurringItems": -259,
        "period": "2022-04-01",
        "pretaxIncome": 262,
        "provisionforIncomeTaxes": 237,
        "researchDevelopment": 572,
        "revenue": 4381,
        "sgaExpense": 281,
        "totalOperatingExpense": 853,
        "totalOtherIncomeExpenseNet": 12
      },
      {
        "costOfGoodsSold": 3180,
        "dilutedAverageSharesOutstanding": 315,
        "dilutedEPS": 1.7905,
        "ebit": 799,
        "grossIncome": 1653,
        "interestExpense": 76,
        "interestIncomeExpense": -75,
        "netIncome": 564,
        "netIncomeAfterTaxes": 564,
        "nonRecurringItems": -72,
        "period": "2021-12-31",
        "pretaxIncome": 646,
        "provisionforIncomeTaxes": 82,
        "researchDevelopment": 575,
        "revenue": 4833,
        "sgaExpense": 279,
        "totalOperatingExpense": 854,
        "totalOtherIncomeExpenseNet": -6
      },
      {
        "costOfGoodsSold": 3330,
        "dilutedAverageSharesOutstanding": 316,
        "dilutedEPS": 1.9304,
        "ebit": 852,
        "grossIncome": 1721,
        "interestExpense": 78,
        "interestIncomeExpense": -76,
        "netIncome": 610,
        "netIncomeAfterTaxes": 610,
        "nonRecurringItems": -74,
        "period": "2021-10-01",
        "pretaxIncome": 704,
        "provisionforIncomeTaxes": 94,
        "researchDevelopment": 578,
        "revenue": 5051,
        "sgaExpense": 291,
        "totalOperatingExpense": 869,
        "totalOtherIncomeExpenseNet": 2
      },
      {
        "costOfGoodsSold": 3321,
        "dilutedAverageSharesOutstanding": 312,
        "dilutedEPS": 1.9936,
        "ebit": 704,
        "grossIncome": 1599,
        "interestExpense": 80,
        "interestIncomeExpense": -79,
        "netIncome": 622,
        "netIncomeAfterTaxes": 622,
        "nonRecurringItems": -29,
        "period": "2021-07-02",
        "pretaxIncome": 596,
        "provisionforIncomeTaxes": -26,
        "researchDevelopment": 598,
        "revenue": 4920,
        "sgaExpense": 297,
        "totalOperatingExpense": 895,
        "totalOtherIncomeExpenseNet": 0
      },
      {
        "costOfGoodsSold": 3013,
        "dilutedAverageSharesOutstanding": 313,
        "dilutedEPS": 0.63,
        "ebit": 282,
        "grossIncome": 1124,
        "interestExpense": 81,
        "interestIncomeExpense": -79,
        "netIncome": 197,
        "netIncomeAfterTaxes": 197,
        "nonRecurringItems": 35,
        "period": "2021-04-02",
        "pretaxIncome": 249,
        "provisionforIncomeTaxes": 52,
        "researchDevelopment": 555,
        "revenue": 4137,
        "sgaExpense": 287,
        "totalOperatingExpense": 842,
        "totalOtherIncomeExpenseNet": 11
      },
      {
        "costOfGoodsSold": 2995,
        "dilutedAverageSharesOutstanding": 307,
        "dilutedEPS": 0.2,
        "ebit": 148,
        "grossIncome": 948,
        "interestExpense": 81,
        "interestIncomeExpense": -79,
        "netIncome": 62,
        "netIncomeAfterTaxes": 62,
        "nonRecurringItems": 10,
        "period": "2021-01-01",
        "pretaxIncome": 85,
        "provisionforIncomeTaxes": 23,
        "researchDevelopment": 535,
        "revenue": 3943,
        "sgaExpense": 265,
        "totalOperatingExpense": 800,
        "totalOtherIncomeExpenseNet": 6
      },
      {
        "costOfGoodsSold": 3020,
        "dilutedAverageSharesOutstanding": 303,
        "dilutedEPS": -0.2,
        "ebit": 91,
        "grossIncome": 902,
        "interestExpense": 84,
        "interestIncomeExpense": -82,
        "netIncome": -60,
        "netIncomeAfterTaxes": -60,
        "nonRecurringItems": -21,
        "period": "2020-10-02",
        "pretaxIncome": -3,
        "provisionforIncomeTaxes": 57,
        "researchDevelopment": 555,
        "revenue": 3922,
        "sgaExpense": 256,
        "totalOperatingExpense": 811,
        "totalOtherIncomeExpenseNet": 9
      },
      {
        "costOfGoodsSold": 3204,
        "dilutedAverageSharesOutstanding": 298,
        "dilutedEPS": 0.5,
        "ebit": 268,
        "grossIncome": 1083,
        "interestExpense": 87,
        "interestIncomeExpense": -85,
        "netIncome": 148,
        "netIncomeAfterTaxes": 148,
        "nonRecurringItems": -7,
        "period": "2020-07-03",
        "pretaxIncome": 185,
        "provisionforIncomeTaxes": 37,
        "researchDevelopment": 546,
        "revenue": 4287,
        "sgaExpense": 269,
        "totalOperatingExpense": 815,
        "totalOtherIncomeExpenseNet": 9
      },
      {
        "costOfGoodsSold": 3170,
        "dilutedAverageSharesOutstanding": 303,
        "dilutedEPS": 0.06,
        "ebit": 161,
        "grossIncome": 1005,
        "interestExpense": 99,
        "interestIncomeExpense": -93,
        "netIncome": 17,
        "netIncomeAfterTaxes": 17,
        "nonRecurringItems": -8,
        "period": "2020-04-03",
        "pretaxIncome": 46,
        "provisionforIncomeTaxes": 29,
        "researchDevelopment": 563,
        "revenue": 4175,
        "sgaExpense": 281,
        "totalOperatingExpense": 844,
        "totalOtherIncomeExpenseNet": -14
      },
      {
        "costOfGoodsSold": 3299,
        "dilutedAverageSharesOutstanding": 298,
        "dilutedEPS": -0.47,
        "ebit": 59,
        "grossIncome": 935,
        "interestExpense": 105,
        "interestIncomeExpense": -97,
        "netIncome": -139,
        "netIncomeAfterTaxes": -139,
        "nonRecurringItems": -9,
        "period": "2020-01-03",
        "pretaxIncome": -40,
        "provisionforIncomeTaxes": 99,
        "researchDevelopment": 578,
        "revenue": 4234,
        "sgaExpense": 298,
        "totalOperatingExpense": 876,
        "totalOtherIncomeExpenseNet": 7
      },
      {
        "costOfGoodsSold": 3214,
        "dilutedAverageSharesOutstanding": 296,
        "dilutedEPS": -0.93,
        "ebit": -53,
        "grossIncome": 826,
        "interestExpense": 122,
        "interestIncomeExpense": -110,
        "netIncome": -276,
        "netIncomeAfterTaxes": -276,
        "nonRecurringItems": -76,
        "period": "2019-10-04",
        "pretaxIncome": -237,
        "provisionforIncomeTaxes": 39,
        "researchDevelopment": 574,
        "revenue": 4040,
        "sgaExpense": 305,
        "totalOperatingExpense": 879,
        "totalOtherIncomeExpenseNet": 2
      },
      {
        "costOfGoodsSold": 3169,
        "dilutedAverageSharesOutstanding": 295,
        "dilutedEPS": -0.66,
        "ebit": -357,
        "grossIncome": 465,
        "interestExpense": 117,
        "interestIncomeExpense": -103,
        "netIncome": -197,
        "netIncomeAfterTaxes": -185,
        "nonRecurringItems": -24,
        "period": "2019-06-28",
        "pretaxIncome": -474,
        "provisionforIncomeTaxes": -289,
        "researchDevelopment": 523,
        "revenue": 3634,
        "sgaExpense": 299,
        "totalOperatingExpense": 822,
        "totalOtherIncomeExpenseNet": 10
      },
      {
        "costOfGoodsSold": 3095,
        "dilutedAverageSharesOutstanding": 292,
        "dilutedEPS": -1.98,
        "ebit": -318,
        "grossIncome": 579,
        "interestExpense": 118,
        "interestIncomeExpense": -105,
        "netIncome": -581,
        "netIncomeAfterTaxes": -652,
        "nonRecurringItems": -76,
        "period": "2019-03-29",
        "pretaxIncome": -477,
        "provisionforIncomeTaxes": 175,
        "researchDevelopment": 544,
        "revenue": 3674,
        "sgaExpense": 353,
        "totalOperatingExpense": 897,
        "totalOtherIncomeExpenseNet": 22
      },
      {
        "costOfGoodsSold": 3189,
        "dilutedAverageSharesOutstanding": 290,
        "dilutedEPS": -1.67,
        "ebit": 196,
        "grossIncome": 1044,
        "interestExpense": 118,
        "interestIncomeExpense": -103,
        "netIncome": -487,
        "netIncomeAfterTaxes": -257,
        "nonRecurringItems": -20,
        "period": "2018-12-28",
        "pretaxIncome": 81,
        "provisionforIncomeTaxes": 338,
        "researchDevelopment": 539,
        "revenue": 4233,
        "sgaExpense": 309,
        "totalOperatingExpense": 848,
        "totalOtherIncomeExpenseNet": 8
      },
      {
        "costOfGoodsSold": 3364,
        "dilutedAverageSharesOutstanding": 298,
        "dilutedEPS": 1.71,
        "ebit": 732,
        "grossIncome": 1664,
        "interestExpense": 116,
        "interestIncomeExpense": -101,
        "netIncome": 511,
        "netIncomeAfterTaxes": 459,
        "nonRecurringItems": -46,
        "period": "2018-09-28",
        "pretaxIncome": 583,
        "provisionforIncomeTaxes": 124,
        "researchDevelopment": 576,
        "revenue": 5028,
        "sgaExpense": 356,
        "totalOperatingExpense": 932,
        "totalOtherIncomeExpenseNet": -2
      },
      {
        "costOfGoodsSold": 3265,
        "dilutedAverageSharesOutstanding": 340,
        "dilutedEPS": 2.22,
        "ebit": 923,
        "grossIncome": 1852,
        "interestExpense": 114,
        "interestIncomeExpense": -100,
        "netIncome": 756,
        "netIncomeAfterTaxes": 680,
        "nonRecurringItems": -80,
        "period": "2018-06-29",
        "pretaxIncome": 729,
        "provisionforIncomeTaxes": 49,
        "researchDevelopment": 577,
        "revenue": 5117,
        "sgaExpense": 352,
        "totalOperatingExpense": 929,
        "totalOtherIncomeExpenseNet": -14
      },
      {
        "costOfGoodsSold": 3086,
        "dilutedAverageSharesOutstanding": 308,
        "dilutedEPS": 0.19,
        "ebit": 949,
        "grossIncome": 1927,
        "interestExpense": 160,
        "interestIncomeExpense": -144,
        "netIncome": 61,
        "netIncomeAfterTaxes": 70,
        "nonRecurringItems": -35,
        "period": "2018-03-30",
        "pretaxIncome": -128,
        "provisionforIncomeTaxes": -198,
        "researchDevelopment": 602,
        "revenue": 5013,
        "sgaExpense": 376,
        "totalOperatingExpense": 978,
        "totalOtherIncomeExpenseNet": -898
      },
      {
        "costOfGoodsSold": 3323,
        "dilutedAverageSharesOutstanding": 296,
        "dilutedEPS": -2.78,
        "ebit": 1003,
        "grossIncome": 2013,
        "interestExpense": 197,
        "interestIncomeExpense": -183,
        "netIncome": -823,
        "netIncomeAfterTaxes": 749,
        "nonRecurringItems": -48,
        "period": "2017-12-29",
        "pretaxIncome": 774,
        "provisionforIncomeTaxes": 25,
        "researchDevelopment": 629,
        "revenue": 5336,
        "sgaExpense": 381,
        "totalOperatingExpense": 1010,
        "totalOtherIncomeExpenseNet": 2
      },
      {
        "costOfGoodsSold": 3268,
        "dilutedAverageSharesOutstanding": 306,
        "dilutedEPS": 2.23,
        "ebit": 957,
        "grossIncome": 1913,
        "interestExpense": 205,
        "interestIncomeExpense": -189,
        "netIncome": 681,
        "netIncomeAfterTaxes": 681,
        "nonRecurringItems": -52,
        "period": "2017-09-29",
        "pretaxIncome": 710,
        "provisionforIncomeTaxes": 29,
        "researchDevelopment": 592,
        "revenue": 5181,
        "sgaExpense": 364,
        "totalOperatingExpense": 956,
        "totalOtherIncomeExpenseNet": -6
      },
      {
        "costOfGoodsSold": 3161,
        "dilutedAverageSharesOutstanding": 299,
        "dilutedEPS": 0.94,
        "ebit": 732,
        "grossIncome": 1681,
        "interestExpense": 201,
        "interestIncomeExpense": -192,
        "netIncome": 280,
        "netIncomeAfterTaxes": 280,
        "nonRecurringItems": -80,
        "period": "2017-06-30",
        "pretaxIncome": 415,
        "provisionforIncomeTaxes": 135,
        "researchDevelopment": 604,
        "revenue": 4842,
        "sgaExpense": 345,
        "totalOperatingExpense": 949,
        "totalOtherIncomeExpenseNet": -45
      },
      {
        "costOfGoodsSold": 3126,
        "dilutedAverageSharesOutstanding": 299,
        "dilutedEPS": 0.83,
        "ebit": 564,
        "grossIncome": 1523,
        "interestExpense": 205,
        "interestIncomeExpense": -198,
        "netIncome": 248,
        "netIncomeAfterTaxes": 248,
        "nonRecurringItems": -39,
        "period": "2017-03-31",
        "pretaxIncome": 304,
        "provisionforIncomeTaxes": 56,
        "researchDevelopment": 613,
        "revenue": 4649,
        "sgaExpense": 346,
        "totalOperatingExpense": 959,
        "totalOtherIncomeExpenseNet": -23
      },
      {
        "costOfGoodsSold": 3355,
        "dilutedAverageSharesOutstanding": 294,
        "dilutedEPS": 0.8,
        "ebit": 590,
        "grossIncome": 1533,
        "interestExpense": 205,
        "interestIncomeExpense": -200,
        "netIncome": 235,
        "netIncomeAfterTaxes": 235,
        "nonRecurringItems": -45,
        "period": "2016-12-30",
        "pretaxIncome": 321,
        "provisionforIncomeTaxes": 86,
        "researchDevelopment": 585,
        "revenue": 4888,
        "sgaExpense": 358,
        "totalOperatingExpense": 943,
        "totalOtherIncomeExpenseNet": -24
      },
      {
        "costOfGoodsSold": 3379,
        "dilutedAverageSharesOutstanding": 285,
        "dilutedEPS": -1.28,
        "ebit": 300,
        "grossIncome": 1335,
        "interestExpense": 236,
        "interestIncomeExpense": -503,
        "netIncome": -366,
        "netIncomeAfterTaxes": -366,
        "nonRecurringItems": -68,
        "period": "2016-09-30",
        "pretaxIncome": -271,
        "provisionforIncomeTaxes": 95,
        "researchDevelopment": 639,
        "revenue": 4714,
        "sgaExpense": 396,
        "totalOperatingExpense": 1035
      },
      {
        "costOfGoodsSold": 2674,
        "dilutedAverageSharesOutstanding": 260,
        "dilutedEPS": -1.41,
        "ebit": -105,
        "grossIncome": 821,
        "interestExpense": 226,
        "interestIncomeExpense": -217,
        "netIncome": -366,
        "netIncomeAfterTaxes": -366,
        "nonRecurringItems": -90,
        "period": "2016-07-01",
        "pretaxIncome": -485,
        "provisionforIncomeTaxes": -119,
        "researchDevelopment": 494,
        "revenue": 3495,
        "sgaExpense": 432,
        "totalOperatingExpense": 926,
        "totalOtherIncomeExpenseNet": -73
      },
      {
        "costOfGoodsSold": 2069,
        "dilutedAverageSharesOutstanding": 234,
        "dilutedEPS": 0.32,
        "ebit": 228,
        "grossIncome": 753,
        "interestExpense": 14,
        "interestIncomeExpense": -8,
        "netIncome": 74,
        "netIncomeAfterTaxes": 74,
        "nonRecurringItems": -140,
        "period": "2016-04-01",
        "pretaxIncome": 80,
        "provisionforIncomeTaxes": 6,
        "researchDevelopment": 359,
        "revenue": 2822,
        "sgaExpense": 166,
        "totalOperatingExpense": 525
      },
      {
        "costOfGoodsSold": 2411,
        "dilutedAverageSharesOutstanding": 234,
        "dilutedEPS": 1.07,
        "ebit": 310,
        "grossIncome": 906,
        "interestExpense": 13,
        "interestIncomeExpense": -7,
        "netIncome": 251,
        "netIncomeAfterTaxes": 251,
        "nonRecurringItems": -59,
        "period": "2016-01-01",
        "pretaxIncome": 244,
        "provisionforIncomeTaxes": -7,
        "researchDevelopment": 389,
        "revenue": 3317,
        "sgaExpense": 207,
        "totalOperatingExpense": 596
      },
      {
        "costOfGoodsSold": 2405,
        "dilutedAverageSharesOutstanding": 234,
        "dilutedEPS": 1.21,
        "ebit": 378,
        "grossIncome": 955,
        "interestExpense": 13,
        "interestIncomeExpense": -8,
        "netIncome": 283,
        "netIncomeAfterTaxes": 283,
        "nonRecurringItems": -56,
        "period": "2015-10-02",
        "pretaxIncome": 314,
        "provisionforIncomeTaxes": 31,
        "researchDevelopment": 385,
        "revenue": 3360,
        "sgaExpense": 192,
        "totalOperatingExpense": 577
      }
    ],
    "symbol": "WDC"
  }
}