{
  "symbol": "ECL",
  "statement": "ic",
  "frequency": "annual",
  "timestamp": "2025-09-19T13:59:35.753649",
  "data": {
    "financials": [
      {
        "costOfGoodsSold": 8894.4,
        "dilutedAverageSharesOutstanding": 286.6,
        "dilutedEPS": 7.3706,
        "ebit": 2618.8,
        "grossIncome": 6847,
        "interestExpense": 340.3,
        "interestIncomeExpense": -282.5,
        "minorityInterest": -19.5,
        "netIncome": 2112.4,
        "netIncomeAfterTaxes": 2131.9,
        "nonRecurringItems": 183.6,
        "period": "2024-12-31",
        "pretaxIncome": 2571.2,
        "provisionforIncomeTaxes": 439.3,
        "revenue": 15741.4,
        "sgaExpense": 4228.2,
        "totalOperatingExpense": 4228.2,
        "totalOtherIncomeExpenseNet": 51.3,
        "year": 2024
      },
      {
        "costOfGoodsSold": 9132.4,
        "dilutedAverageSharesOutstanding": 286.5,
        "dilutedEPS": 4.7899,
        "ebit": 2126.2,
        "grossIncome": 6187.8,
        "interestExpense": 348.9,
        "interestIncomeExpense": -296.7,
        "minorityInterest": -20.7,
        "netIncome": 1372.3,
        "netIncomeAfterTaxes": 1393,
        "nonRecurringItems": -133.9,
        "period": "2023-12-31",
        "pretaxIncome": 1755.5,
        "provisionforIncomeTaxes": 362.5,
        "revenue": 15320.2,
        "sgaExpense": 4061.6,
        "totalOperatingExpense": 4061.6,
        "totalOtherIncomeExpenseNet": 59.9,
        "year": 2023
      },
      {
        "costOfGoodsSold": 8761.1,
        "dilutedAverageSharesOutstanding": 286.6,
        "dilutedEPS": 3.8091,
        "ebit": 1772.9,
        "grossIncome": 5426.7,
        "interestExpense": 252.1,
        "interestIncomeExpense": -243.6,
        "minorityInterest": -17.2,
        "netIncome": 1091.7,
        "netIncomeAfterTaxes": 1108.9,
        "nonRecurringItems": -159.8,
        "period": "2022-12-31",
        "pretaxIncome": 1343.4,
        "provisionforIncomeTaxes": 234.5,
        "revenue": 14187.8,
        "sgaExpense": 3653.8,
        "totalOperatingExpense": 3653.8,
        "totalOtherIncomeExpenseNet": -26.1,
        "year": 2022
      },
      {
        "costOfGoodsSold": 7521.9,
        "dilutedAverageSharesOutstanding": 289.1,
        "dilutedEPS": 3.9083,
        "ebit": 1795.1,
        "grossIncome": 5211.2,
        "interestExpense": 197.5,
        "interestIncomeExpense": -185.2,
        "minorityInterest": -14.1,
        "netIncome": 1129.9,
        "netIncomeAfterTaxes": 1144,
        "nonRecurringItems": -266.8,
        "period": "2021-12-31",
        "pretaxIncome": 1414.2,
        "provisionforIncomeTaxes": 270.2,
        "revenue": 12733.1,
        "sgaExpense": 3416.1,
        "totalOperatingExpense": 3416.1,
        "totalOtherIncomeExpenseNet": 71.1,
        "year": 2021
      },
      {
        "costOfGoodsSold": 6870,
        "dilutedAverageSharesOutstanding": 287,
        "dilutedEPS": -4.19,
        "ebit": 1611,
        "grossIncome": 4920,
        "interestExpense": 221,
        "interestIncomeExpense": -206,
        "minorityInterest": -17,
        "netIncome": -1205,
        "netIncomeAfterTaxes": 985,
        "nonRecurringItems": -299,
        "period": "2020-12-31",
        "pretaxIncome": 1161,
        "provisionforIncomeTaxes": 177,
        "revenue": 11790,
        "sgaExpense": 3309,
        "totalOperatingExpense": 3309,
        "totalOtherIncomeExpenseNet": 56,
        "year": 2020
      },
      {
        "costOfGoodsSold": 8698,
        "dilutedAverageSharesOutstanding": 293,
        "dilutedEPS": 5.32,
        "ebit": 2221,
        "grossIncome": 6209,
        "interestExpense": 215,
        "interestIncomeExpense": -161,
        "minorityInterest": -17,
        "netIncome": 1559,
        "netIncomeAfterTaxes": 1573,
        "nonRecurringItems": -247,
        "period": "2019-12-31",
        "pretaxIncome": 1899,
        "provisionforIncomeTaxes": 326,
        "revenue": 14906,
        "sgaExpense": 3988,
        "totalOperatingExpense": 3987,
        "totalOtherIncomeExpenseNet": 86,
        "year": 2019
      },
      {
        "costOfGoodsSold": 8609,
        "dilutedAverageSharesOutstanding": 293,
        "dilutedEPS": 4.87,
        "ebit": 2167,
        "grossIncome": 6059,
        "interestExpense": 237.2,
        "interestIncomeExpense": -306,
        "minorityInterest": -11,
        "netIncome": 1429,
        "netIncomeAfterTaxes": 1541,
        "nonRecurringItems": -136,
        "period": "2018-12-31",
        "pretaxIncome": 1805,
        "provisionforIncomeTaxes": 264,
        "revenue": 14668,
        "sgaExpense": 3892,
        "totalOperatingExpense": 3892,
        "totalOtherIncomeExpenseNet": 80,
        "year": 2018
      },
      {
        "costOfGoodsSold": 8007,
        "dilutedAverageSharesOutstanding": 294,
        "dilutedEPS": 5.11,
        "ebit": 1846,
        "grossIncome": 5829,
        "interestExpense": 274.6,
        "interestIncomeExpense": -111,
        "minorityInterest": -14,
        "netIncome": 1505,
        "netIncomeAfterTaxes": 1360,
        "nonRecurringItems": -40,
        "period": "2017-12-31",
        "pretaxIncome": 1762,
        "provisionforIncomeTaxes": 403,
        "revenue": 13836,
        "sgaExpense": 3983,
        "totalOperatingExpense": 3983,
        "totalOtherIncomeExpenseNet": 67,
        "year": 2017
      },
      {
        "costOfGoodsSold": 7468,
        "dilutedAverageSharesOutstanding": 297,
        "dilutedEPS": 4.14,
        "ebit": 1982,
        "grossIncome": 5684,
        "interestExpense": 277,
        "interestIncomeExpense": -271,
        "minorityInterest": -18,
        "netIncome": 1229,
        "netIncomeAfterTaxes": 1247,
        "nonRecurringItems": -106,
        "period": "2016-12-31",
        "pretaxIncome": 1649,
        "provisionforIncomeTaxes": 403,
        "revenue": 13152,
        "sgaExpense": 3702,
        "totalOperatingExpense": 3702,
        "totalOtherIncomeExpenseNet": 44,
        "year": 2016
      },
      {
        "costOfGoodsSold": 7143,
        "dilutedAverageSharesOutstanding": 301,
        "dilutedEPS": 3.32,
        "ebit": 2056,
        "grossIncome": 6402,
        "interestExpense": 253.7,
        "interestIncomeExpense": -244,
        "minorityInterest": -15,
        "netIncome": 1002,
        "netIncomeAfterTaxes": 1017,
        "nonRecurringItems": -495,
        "period": "2015-12-31",
        "pretaxIncome": 1318,
        "provisionforIncomeTaxes": 301,
        "revenue": 13545,
        "sgaExpense": 4346,
        "totalOperatingExpense": 4346,
        "year": 2015
      }
    ],
    "symbol": "ECL"
  }
}