{
  "symbol": "FE",
  "statement": "ic",
  "frequency": "quarterly",
  "timestamp": "2025-09-19T14:00:33.243400",
  "data": {
    "financials": [
      {
        "costOfGoodsSold": 953,
        "depreciationAmortization": 415,
        "dilutedAverageSharesOutstanding": 578,
        "dilutedEPS": 0.4637,
        "ebit": 646,
        "grossIncome": 2427,
        "interestIncomeExpense": -257,
        "minorityInterest": -50,
        "netIncome": 268,
        "netIncomeAfterTaxes": 318,
        "nonRecurringItems": -24,
        "otherOperatingExpensesTotal": 1198,
        "otherRevenue": 120,
        "period": "2025-06-30",
        "pretaxIncome": 406,
        "provisionforIncomeTaxes": 88,
        "purchasedFuelPowerGas": 168,
        "revenue": 3380,
        "totalOperatingExpense": 1781,
        "totalOtherIncomeExpenseNet": 41
      },
      {
        "costOfGoodsSold": 1088,
        "depreciationAmortization": 411,
        "dilutedAverageSharesOutstanding": 578,
        "dilutedEPS": 0.6228,
        "ebit": 711,
        "grossIncome": 2677,
        "interestExpense": 250,
        "interestIncomeExpense": -250,
        "minorityInterest": -54,
        "netIncome": 360,
        "netIncomeAfterTaxes": 414,
        "nonRecurringItems": 43,
        "otherOperatingExpensesTotal": 1406,
        "otherRevenue": 98,
        "period": "2025-03-31",
        "pretaxIncome": 540,
        "provisionforIncomeTaxes": 126,
        "purchasedFuelPowerGas": 149,
        "revenue": 3765,
        "totalOperatingExpense": 1966,
        "totalOtherIncomeExpenseNet": 36
      },
      {
        "costOfGoodsSold": 913,
        "depreciationAmortization": 403,
        "dilutedAverageSharesOutstanding": 580,
        "dilutedEPS": 0.45,
        "ebit": 613,
        "grossIncome": 2263,
        "interestExpense": 239,
        "interestIncomeExpense": -245,
        "minorityInterest": -35,
        "netIncome": 261,
        "netIncomeAfterTaxes": 296,
        "nonRecurringItems": -22,
        "otherOperatingExpensesTotal": 1155,
        "otherRevenue": 83,
        "period": "2024-12-31",
        "pretaxIncome": 379,
        "provisionforIncomeTaxes": 83,
        "purchasedFuelPowerGas": 92,
        "revenue": 3176,
        "totalOperatingExpense": 1650,
        "totalOtherIncomeExpenseNet": 33
      },
      {
        "costOfGoodsSold": 1086,
        "depreciationAmortization": 400,
        "dilutedAverageSharesOutstanding": 577,
        "dilutedEPS": 0.7262,
        "ebit": 727,
        "grossIncome": 2643,
        "interestExpense": 241,
        "interestIncomeExpense": -217,
        "minorityInterest": -47,
        "netIncome": 419,
        "netIncomeAfterTaxes": 466,
        "nonRecurringItems": 0,
        "otherOperatingExpensesTotal": 1377,
        "otherRevenue": 104,
        "period": "2024-09-30",
        "pretaxIncome": 560,
        "provisionforIncomeTaxes": 94,
        "purchasedFuelPowerGas": 139,
        "revenue": 3729,
        "totalOperatingExpense": 1916,
        "totalOtherIncomeExpenseNet": 50
      },
      {
        "costOfGoodsSold": 877,
        "depreciationAmortization": 397,
        "dilutedAverageSharesOutstanding": 576,
        "dilutedEPS": 0.0781,
        "ebit": 423,
        "grossIncome": 2403,
        "interestExpense": 256,
        "interestIncomeExpense": -214,
        "minorityInterest": -53,
        "netIncome": 45,
        "netIncomeAfterTaxes": 98,
        "nonRecurringItems": -85,
        "otherOperatingExpensesTotal": 1455,
        "otherRevenue": 84,
        "period": "2024-06-30",
        "pretaxIncome": 163,
        "provisionforIncomeTaxes": 65,
        "purchasedFuelPowerGas": 128,
        "revenue": 3280,
        "totalOperatingExpense": 1980,
        "totalOtherIncomeExpenseNet": 39
      },
      {
        "costOfGoodsSold": 1036,
        "depreciationAmortization": 381,
        "dilutedAverageSharesOutstanding": 576,
        "dilutedEPS": 0.4392,
        "ebit": 612,
        "grossIncome": 2251,
        "interestExpense": 275,
        "interestIncomeExpense": -254,
        "minorityInterest": -14,
        "netIncome": 253,
        "netIncomeAfterTaxes": 267,
        "otherOperatingExpensesTotal": 1153,
        "otherRevenue": 77,
        "period": "2024-03-31",
        "pretaxIncome": 402,
        "provisionforIncomeTaxes": 135,
        "purchasedFuelPowerGas": 105,
        "revenue": 3287,
        "totalOperatingExpense": 1639,
        "totalOtherIncomeExpenseNet": 44
      },
      {
        "costOfGoodsSold": 935,
        "depreciationAmortization": 373,
        "dilutedAverageSharesOutstanding": 574,
        "dilutedEPS": 0.3049,
        "ebit": 568,
        "grossIncome": 2211,
        "interestExpense": 268,
        "interestIncomeExpense": -227,
        "minorityInterest": -17,
        "netIncome": 175,
        "netIncomeAfterTaxes": 192,
        "nonRecurringItems": -137,
        "otherOperatingExpensesTotal": 1171,
        "otherRevenue": 102,
        "period": "2023-12-31",
        "pretaxIncome": 266,
        "provisionforIncomeTaxes": 74,
        "purchasedFuelPowerGas": 99,
        "revenue": 3146,
        "totalOperatingExpense": 1643,
        "totalOtherIncomeExpenseNet": 62
      },
      {
        "costOfGoodsSold": 1155,
        "depreciationAmortization": 366,
        "dilutedAverageSharesOutstanding": 574,
        "dilutedEPS": 0.69,
        "ebit": 666,
        "grossIncome": 2332,
        "interestExpense": 263,
        "interestIncomeExpense": -220,
        "minorityInterest": -20,
        "netIncome": 400,
        "netIncomeAfterTaxes": 441,
        "nonRecurringItems": 0,
        "otherOperatingExpensesTotal": 1134,
        "otherRevenue": 110,
        "period": "2023-09-30",
        "pretaxIncome": 470,
        "provisionforIncomeTaxes": 29,
        "purchasedFuelPowerGas": 166,
        "revenue": 3487,
        "totalOperatingExpense": 1666,
        "totalOtherIncomeExpenseNet": 24
      },
      {
        "costOfGoodsSold": 2018,
        "depreciationAmortization": 722,
        "dilutedAverageSharesOutstanding": 574,
        "dilutedEPS": 0.9181,
        "ebit": 1032,
        "grossIncome": 4219,
        "interestExpense": 254,
        "interestIncomeExpense": -405,
        "minorityInterest": -37,
        "netIncome": 527,
        "netIncomeAfterTaxes": 564,
        "nonRecurringItems": 23,
        "otherOperatingExpensesTotal": 2192,
        "otherRevenue": 204,
        "period": "2023-06-30",
        "pretaxIncome": 728,
        "provisionforIncomeTaxes": 164,
        "purchasedFuelPowerGas": 273,
        "revenue": 6237,
        "totalOperatingExpense": 3187,
        "totalOtherIncomeExpenseNet": 78
      },
      {
        "costOfGoodsSold": 1124,
        "depreciationAmortization": 361,
        "dilutedAverageSharesOutstanding": 573,
        "dilutedEPS": 0.5096,
        "ebit": 551,
        "grossIncome": 2107,
        "interestExpense": 242,
        "interestIncomeExpense": -186,
        "minorityInterest": -18,
        "netIncome": 292,
        "netIncomeAfterTaxes": 310,
        "nonRecurringItems": 0,
        "otherOperatingExpensesTotal": 1062,
        "otherRevenue": 91,
        "period": "2023-03-31",
        "pretaxIncome": 400,
        "provisionforIncomeTaxes": 90,
        "purchasedFuelPowerGas": 133,
        "revenue": 3231,
        "totalOperatingExpense": 1556,
        "totalOtherIncomeExpenseNet": 35
      },
      {
        "costOfGoodsSold": 1077,
        "depreciationAmortization": 355,
        "dilutedAverageSharesOutstanding": 571,
        "dilutedEPS": -0.7058,
        "ebit": 399,
        "grossIncome": 2100,
        "interestExpense": 226,
        "interestIncomeExpense": -58,
        "minorityInterest": -18,
        "netIncome": -403,
        "netIncomeAfterTaxes": -385,
        "nonRecurringItems": 56,
        "otherOperatingExpensesTotal": 1155,
        "otherRevenue": 125,
        "period": "2022-12-31",
        "pretaxIncome": 378,
        "provisionforIncomeTaxes": 763,
        "purchasedFuelPowerGas": 191,
        "revenue": 3177,
        "totalOperatingExpense": 1701,
        "totalOtherIncomeExpenseNet": -19
      },
      {
        "costOfGoodsSold": 1109,
        "depreciationAmortization": 332,
        "dilutedAverageSharesOutstanding": 572,
        "dilutedEPS": 0.5839,
        "ebit": 505,
        "grossIncome": 2366,
        "interestExpense": 225,
        "interestIncomeExpense": -225,
        "minorityInterest": -10,
        "netIncome": 334,
        "netIncomeAfterTaxes": 344,
        "nonRecurringItems": 1,
        "otherOperatingExpensesTotal": 1320,
        "otherRevenue": 206,
        "period": "2022-09-30",
        "pretaxIncome": 449,
        "provisionforIncomeTaxes": 105,
        "purchasedFuelPowerGas": 209,
        "revenue": 3475,
        "totalOperatingExpense": 1861,
        "totalOtherIncomeExpenseNet": 168
      },
      {
        "costOfGoodsSold": 802,
        "depreciationAmortization": 348,
        "dilutedAverageSharesOutstanding": 572,
        "dilutedEPS": 0.3269,
        "ebit": 447,
        "grossIncome": 2016,
        "interestExpense": 248,
        "interestIncomeExpense": -248,
        "minorityInterest": -5,
        "netIncome": 187,
        "netIncomeAfterTaxes": 192,
        "nonRecurringItems": -118,
        "otherOperatingExpensesTotal": 1031,
        "otherRevenue": 208,
        "period": "2022-06-30",
        "pretaxIncome": 241,
        "provisionforIncomeTaxes": 49,
        "purchasedFuelPowerGas": 190,
        "revenue": 2818,
        "totalOperatingExpense": 1569,
        "totalOtherIncomeExpenseNet": 160
      },
      {
        "costOfGoodsSold": 875,
        "depreciationAmortization": 340,
        "dilutedAverageSharesOutstanding": 572,
        "dilutedEPS": 0.5035,
        "ebit": 559,
        "grossIncome": 2114,
        "interestExpense": 256,
        "interestIncomeExpense": -256,
        "minorityInterest": 0,
        "netIncome": 288,
        "netIncomeAfterTaxes": 288,
        "nonRecurringItems": -38,
        "otherOperatingExpensesTotal": 1075,
        "otherRevenue": 141,
        "period": "2022-03-31",
        "pretaxIncome": 371,
        "provisionforIncomeTaxes": 83,
        "purchasedFuelPowerGas": 140,
        "revenue": 2989,
        "totalOperatingExpense": 1555,
        "totalOtherIncomeExpenseNet": 106
      },
      {
        "costOfGoodsSold": 758,
        "depreciationAmortization": 330,
        "dilutedAverageSharesOutstanding": 549,
        "dilutedEPS": 0.7832,
        "ebit": 224,
        "grossIncome": 1902,
        "interestExpense": 265,
        "interestIncomeExpense": -265,
        "netIncome": 427,
        "netIncomeAfterTaxes": 430,
        "nonRecurringItems": 382,
        "otherOperatingExpensesTotal": 1229,
        "otherRevenue": 148,
        "period": "2021-12-31",
        "pretaxIncome": 479,
        "provisionforIncomeTaxes": 49,
        "purchasedFuelPowerGas": 119,
        "revenue": 2660,
        "totalOperatingExpense": 1678,
        "totalOtherIncomeExpenseNet": 138
      },
      {
        "costOfGoodsSold": 874,
        "depreciationAmortization": 326,
        "dilutedAverageSharesOutstanding": 545,
        "dilutedEPS": 0.84,
        "ebit": 631,
        "grossIncome": 2250,
        "interestExpense": 263,
        "interestIncomeExpense": -263,
        "netIncome": 463,
        "netIncomeAfterTaxes": 416,
        "nonRecurringItems": 0,
        "otherOperatingExpensesTotal": 1161,
        "otherRevenue": 163,
        "period": "2021-09-30",
        "pretaxIncome": 504,
        "provisionforIncomeTaxes": 88,
        "purchasedFuelPowerGas": 132,
        "revenue": 3124,
        "totalOperatingExpense": 1619,
        "totalOtherIncomeExpenseNet": 136
      },
      {
        "costOfGoodsSold": 614,
        "depreciationAmortization": 323,
        "dilutedAverageSharesOutstanding": 545,
        "dilutedEPS": 0.1064,
        "ebit": 312,
        "grossIncome": 2008,
        "interestExpense": 266,
        "interestIncomeExpense": -266,
        "netIncome": 58,
        "netIncomeAfterTaxes": 58,
        "nonRecurringItems": 0,
        "otherOperatingExpensesTotal": 1261,
        "otherRevenue": 115,
        "period": "2021-06-30",
        "pretaxIncome": 154,
        "provisionforIncomeTaxes": 96,
        "purchasedFuelPowerGas": 112,
        "revenue": 2622,
        "totalOperatingExpense": 1696,
        "totalOtherIncomeExpenseNet": 108
      },
      {
        "costOfGoodsSold": 718,
        "depreciationAmortization": 323,
        "dilutedAverageSharesOutstanding": 544,
        "dilutedEPS": 0.62,
        "ebit": 450,
        "grossIncome": 2008,
        "interestExpense": 272,
        "interestIncomeExpense": -272,
        "netIncome": 335,
        "netIncomeAfterTaxes": 335,
        "nonRecurringItems": 109,
        "otherOperatingExpensesTotal": 1117,
        "otherRevenue": 89,
        "period": "2021-03-31",
        "pretaxIncome": 422,
        "provisionforIncomeTaxes": 87,
        "purchasedFuelPowerGas": 118,
        "revenue": 2726,
        "totalOperatingExpense": 1558,
        "totalOtherIncomeExpenseNet": 135
      },
      {
        "costOfGoodsSold": 628,
        "depreciationAmortization": 320,
        "dilutedAverageSharesOutstanding": 543,
        "dilutedEPS": 0.44,
        "ebit": 394,
        "grossIncome": 1909,
        "interestExpense": 253,
        "interestIncomeExpense": -253,
        "netIncome": 242,
        "netIncomeAfterTaxes": 212,
        "nonRecurringItems": -54,
        "otherOperatingExpensesTotal": 1102,
        "otherRevenue": 45,
        "period": "2020-12-31",
        "pretaxIncome": 216,
        "provisionforIncomeTaxes": 4,
        "purchasedFuelPowerGas": 93,
        "revenue": 2537,
        "totalOperatingExpense": 1515,
        "totalOtherIncomeExpenseNet": 129
      },
      {
        "costOfGoodsSold": 766,
        "depreciationAmortization": 316,
        "dilutedAverageSharesOutstanding": 543,
        "dilutedEPS": 0.85,
        "ebit": 721,
        "grossIncome": 2256,
        "interestExpense": 245,
        "interestIncomeExpense": -245,
        "netIncome": 454,
        "netIncomeAfterTaxes": 460,
        "nonRecurringItems": 0,
        "otherOperatingExpensesTotal": 1118,
        "otherRevenue": 144,
        "period": "2020-09-30",
        "pretaxIncome": 576,
        "provisionforIncomeTaxes": 116,
        "purchasedFuelPowerGas": 101,
        "revenue": 3022,
        "totalOperatingExpense": 1535,
        "totalOtherIncomeExpenseNet": 100
      },
      {
        "costOfGoodsSold": 613,
        "depreciationAmortization": 321,
        "dilutedAverageSharesOutstanding": 543,
        "dilutedEPS": 0.57,
        "ebit": 515,
        "grossIncome": 1909,
        "interestExpense": 245,
        "interestIncomeExpense": -245,
        "netIncome": 309,
        "netIncomeAfterTaxes": 307,
        "nonRecurringItems": 0,
        "otherOperatingExpensesTotal": 996,
        "otherRevenue": 112,
        "period": "2020-06-30",
        "pretaxIncome": 373,
        "provisionforIncomeTaxes": 66,
        "purchasedFuelPowerGas": 77,
        "revenue": 2522,
        "totalOperatingExpense": 1394,
        "totalOtherIncomeExpenseNet": 103
      },
      {
        "costOfGoodsSold": 694,
        "depreciationAmortization": 317,
        "dilutedAverageSharesOutstanding": 543,
        "dilutedEPS": 0.13,
        "ebit": 532,
        "grossIncome": 2015,
        "interestExpense": 245,
        "interestIncomeExpense": -245,
        "netIncome": 74,
        "netIncomeAfterTaxes": 24,
        "nonRecurringItems": -423,
        "otherOperatingExpensesTotal": 1068,
        "otherRevenue": 188,
        "period": "2020-03-31",
        "pretaxIncome": -36,
        "provisionforIncomeTaxes": -60,
        "purchasedFuelPowerGas": 98,
        "revenue": 2709,
        "totalOperatingExpense": 1483,
        "totalOtherIncomeExpenseNet": 100
      },
      {
        "costOfGoodsSold": 737,
        "depreciationAmortization": 310,
        "dilutedAverageSharesOutstanding": 541,
        "dilutedEPS": -0.19,
        "ebit": 615,
        "grossIncome": 1936,
        "interestExpense": 242,
        "interestIncomeExpense": -242,
        "netIncome": -108,
        "netIncomeAfterTaxes": -181,
        "nonRecurringItems": -674,
        "otherOperatingExpensesTotal": 882,
        "otherRevenue": 184,
        "period": "2019-12-31",
        "pretaxIncome": -249,
        "provisionforIncomeTaxes": -68,
        "purchasedFuelPowerGas": 115,
        "revenue": 2673,
        "sgaExpense": 14,
        "totalOperatingExpense": 1321,
        "totalOtherIncomeExpenseNet": 52
      },
      {
        "costOfGoodsSold": 798,
        "depreciationAmortization": 304,
        "dilutedAverageSharesOutstanding": 542,
        "dilutedEPS": 0.72,
        "ebit": 681,
        "grossIncome": 2165,
        "interestExpense": 242,
        "interestIncomeExpense": -242,
        "netIncome": 391,
        "netIncomeAfterTaxes": 389,
        "otherOperatingExpensesTotal": 1047,
        "otherRevenue": 181,
        "period": "2019-09-30",
        "pretaxIncome": 496,
        "provisionforIncomeTaxes": 107,
        "purchasedFuelPowerGas": 122,
        "revenue": 2963,
        "sgaExpense": 11,
        "totalOperatingExpense": 1484,
        "totalOtherIncomeExpenseNet": 57
      },
      {
        "costOfGoodsSold": 611,
        "depreciationAmortization": 309,
        "dilutedAverageSharesOutstanding": 533,
        "dilutedEPS": 0.57,
        "ebit": 585,
        "grossIncome": 1905,
        "interestExpense": 243,
        "interestIncomeExpense": -243,
        "netIncome": 308,
        "netIncomeAfterTaxes": 341,
        "otherOperatingExpensesTotal": 870,
        "otherRevenue": 218,
        "period": "2019-06-30",
        "pretaxIncome": 422,
        "provisionforIncomeTaxes": 81,
        "purchasedFuelPowerGas": 129,
        "revenue": 2516,
        "sgaExpense": 12,
        "totalOperatingExpense": 1320,
        "totalOtherIncomeExpenseNet": 80
      },
      {
        "costOfGoodsSold": 781,
        "depreciationAmortization": 297,
        "dilutedAverageSharesOutstanding": 533,
        "dilutedEPS": 0.59,
        "ebit": 629,
        "grossIncome": 2102,
        "interestExpense": 235,
        "interestIncomeExpense": -235,
        "netIncome": 315,
        "netIncomeAfterTaxes": 355,
        "otherOperatingExpensesTotal": 1033,
        "otherRevenue": 222,
        "period": "2019-03-31",
        "pretaxIncome": 448,
        "provisionforIncomeTaxes": 93,
        "purchasedFuelPowerGas": 131,
        "revenue": 2883,
        "sgaExpense": 12,
        "totalOperatingExpense": 1473,
        "totalOtherIncomeExpenseNet": 54
      },
      {
        "costOfGoodsSold": 716,
        "depreciationAmortization": 293,
        "dilutedAverageSharesOutstanding": 515,
        "dilutedEPS": 0.24,
        "ebit": 512,
        "grossIncome": 1994,
        "interestExpense": 240,
        "interestIncomeExpense": -240,
        "netIncome": 128,
        "netIncomeAfterTaxes": 206,
        "nonRecurringItems": -144,
        "otherOperatingExpensesTotal": 1055,
        "otherRevenue": 241,
        "period": "2018-12-31",
        "pretaxIncome": 169,
        "provisionforIncomeTaxes": -37,
        "purchasedFuelPowerGas": 134,
        "revenue": 2710,
        "totalOperatingExpense": 1482,
        "totalOtherIncomeExpenseNet": 41
      },
      {
        "costOfGoodsSold": 876,
        "depreciationAmortization": 283,
        "dilutedAverageSharesOutstanding": 503,
        "dilutedEPS": -1.01,
        "ebit": 710,
        "grossIncome": 2188,
        "interestExpense": 239,
        "interestIncomeExpense": -239,
        "netIncome": -512,
        "netIncomeAfterTaxes": 399,
        "otherOperatingExpensesTotal": 1058,
        "otherRevenue": 260,
        "period": "2018-09-30",
        "pretaxIncome": 520,
        "provisionforIncomeTaxes": 121,
        "purchasedFuelPowerGas": 137,
        "revenue": 3064,
        "totalOperatingExpense": 1478,
        "totalOtherIncomeExpenseNet": 49
      },
      {
        "costOfGoodsSold": 697,
        "depreciationAmortization": 283,
        "dilutedAverageSharesOutstanding": 479,
        "dilutedEPS": 0.27,
        "ebit": 700,
        "grossIncome": 1928,
        "interestExpense": 339,
        "interestIncomeExpense": -339,
        "netIncome": 134,
        "netIncomeAfterTaxes": 308,
        "otherOperatingExpensesTotal": 817,
        "otherRevenue": 240,
        "period": "2018-06-30",
        "pretaxIncome": 409,
        "provisionforIncomeTaxes": 101,
        "purchasedFuelPowerGas": 128,
        "revenue": 2625,
        "totalOperatingExpense": 1228,
        "totalOtherIncomeExpenseNet": 48
      },
      {
        "costOfGoodsSold": 820,
        "depreciationAmortization": 277,
        "dilutedAverageSharesOutstanding": 478.5,
        "dilutedEPS": 2.57,
        "ebit": 580,
        "grossIncome": 2042,
        "interestExpense": 233,
        "interestIncomeExpense": -233,
        "netIncome": 1230,
        "netIncomeAfterTaxes": 181,
        "otherOperatingExpensesTotal": 1046,
        "otherRevenue": 248,
        "period": "2018-03-31",
        "pretaxIncome": 414,
        "provisionforIncomeTaxes": 233,
        "purchasedFuelPowerGas": 139,
        "revenue": 2862,
        "totalOperatingExpense": 1462,
        "totalOtherIncomeExpenseNet": 67
      },
      {
        "costOfGoodsSold": 711,
        "depreciationAmortization": 262,
        "dilutedAverageSharesOutstanding": 444,
        "dilutedEPS": -5.62,
        "ebit": 533,
        "grossIncome": 1970,
        "interestExpense": 241,
        "interestIncomeExpense": -241,
        "netIncome": -2499,
        "netIncomeAfterTaxes": 132,
        "nonRecurringItems": -130,
        "otherOperatingExpensesTotal": 1074,
        "otherRevenue": 215,
        "period": "2017-12-31",
        "pretaxIncome": 171,
        "provisionforIncomeTaxes": 39,
        "purchasedFuelPowerGas": 101,
        "revenue": 2681,
        "totalOperatingExpense": 1437,
        "totalOtherIncomeExpenseNet": 9
      },
      {
        "costOfGoodsSold": 774,
        "depreciationAmortization": 261,
        "dilutedAverageSharesOutstanding": 446,
        "dilutedEPS": 0.88,
        "ebit": 746,
        "grossIncome": 2136,
        "interestExpense": 249,
        "interestIncomeExpense": -249,
        "netIncome": 396,
        "netIncomeAfterTaxes": 301,
        "nonRecurringItems": -13,
        "otherOperatingExpensesTotal": 1003,
        "otherRevenue": 239,
        "period": "2017-09-30",
        "pretaxIncome": 503,
        "provisionforIncomeTaxes": 202,
        "purchasedFuelPowerGas": 126,
        "revenue": 2910,
        "totalOperatingExpense": 1390,
        "totalOtherIncomeExpenseNet": 19
      },
      {
        "costOfGoodsSold": 650,
        "depreciationAmortization": 254,
        "dilutedAverageSharesOutstanding": 451.9,
        "dilutedEPS": 0.38,
        "ebit": 562,
        "grossIncome": 1832,
        "interestExpense": 230,
        "interestIncomeExpense": -230,
        "netIncome": 174,
        "netIncomeAfterTaxes": 214,
        "otherOperatingExpensesTotal": 950,
        "otherRevenue": 440,
        "period": "2017-06-30",
        "pretaxIncome": 343,
        "provisionforIncomeTaxes": 129,
        "purchasedFuelPowerGas": 66,
        "revenue": 2482,
        "totalOperatingExpense": 1270,
        "totalOtherIncomeExpenseNet": 11
      },
      {
        "costOfGoodsSold": 791,
        "depreciationAmortization": 250,
        "dilutedAverageSharesOutstanding": 444,
        "dilutedEPS": 0.46,
        "ebit": 628,
        "grossIncome": 2064,
        "interestExpense": 233,
        "interestIncomeExpense": -233,
        "netIncome": 205,
        "netIncomeAfterTaxes": 257,
        "otherOperatingExpensesTotal": 982,
        "otherRevenue": 42,
        "period": "2017-03-31",
        "pretaxIncome": 409,
        "provisionforIncomeTaxes": 152,
        "purchasedFuelPowerGas": 204,
        "revenue": 2855,
        "totalOperatingExpense": 1436,
        "totalOtherIncomeExpenseNet": 14
      },
      {
        "costOfGoodsSold": 318,
        "depreciationAmortization": -41,
        "dilutedAverageSharesOutstanding": 435.4,
        "dilutedEPS": -13.31,
        "ebit": 1290,
        "grossIncome": -805,
        "interestExpense": 134,
        "interestIncomeExpense": -209,
        "netIncome": -5796,
        "netIncomeAfterTaxes": 932,
        "otherOperatingExpensesTotal": -1356,
        "otherRevenue": -2048,
        "period": "2016-12-31",
        "pretaxIncome": 1125,
        "provisionforIncomeTaxes": 193,
        "purchasedFuelPowerGas": -698,
        "revenue": -487,
        "totalOperatingExpense": -2095,
        "totalOtherIncomeExpenseNet": 44
      },
      {
        "costOfGoodsSold": 979,
        "depreciationAmortization": 311,
        "dilutedAverageSharesOutstanding": 427,
        "dilutedEPS": 0.89,
        "ebit": 845,
        "grossIncome": 2938,
        "interestExpense": 258,
        "interestIncomeExpense": -214,
        "netIncome": 380,
        "netIncomeAfterTaxes": 380,
        "nonRecurringItems": 0,
        "otherOperatingExpensesTotal": 1332,
        "otherRevenue": 930,
        "period": "2016-09-30",
        "pretaxIncome": 631,
        "provisionforIncomeTaxes": 251,
        "purchasedFuelPowerGas": 450,
        "revenue": 3917,
        "totalOperatingExpense": 2093
      },
      {
        "costOfGoodsSold": 889,
        "depreciationAmortization": 334,
        "dilutedAverageSharesOutstanding": 425,
        "dilutedEPS": -2.56,
        "ebit": 402,
        "grossIncome": 2512,
        "interestExpense": 263,
        "interestIncomeExpense": -174,
        "netIncome": -1089,
        "netIncomeAfterTaxes": -1089,
        "nonRecurringItems": -1447,
        "otherOperatingExpensesTotal": 1338,
        "otherRevenue": 937,
        "period": "2016-06-30",
        "pretaxIncome": -1219,
        "provisionforIncomeTaxes": -130,
        "purchasedFuelPowerGas": 438,
        "revenue": 3401,
        "totalOperatingExpense": 2110
      },
      {
        "costOfGoodsSold": 1124,
        "depreciationAmortization": 329,
        "dilutedAverageSharesOutstanding": 426,
        "dilutedEPS": 0.77,
        "ebit": 840,
        "grossIncome": 2745,
        "interestExpense": 263,
        "interestIncomeExpense": -299,
        "netIncome": 328,
        "netIncomeAfterTaxes": 328,
        "otherOperatingExpensesTotal": 1195,
        "otherRevenue": 1073,
        "period": "2016-03-31",
        "pretaxIncome": 541,
        "provisionforIncomeTaxes": 213,
        "purchasedFuelPowerGas": 381,
        "revenue": 3869,
        "totalOperatingExpense": 1905
      },
      {
        "costOfGoodsSold": 1007,
        "depreciationAmortization": 313,
        "dilutedAverageSharesOutstanding": 422,
        "dilutedEPS": -0.54,
        "ebit": 511,
        "grossIncome": 2534,
        "interestExpense": 262,
        "interestIncomeExpense": -253,
        "netIncome": -226,
        "netIncomeAfterTaxes": -226,
        "nonRecurringItems": -646,
        "otherOperatingExpensesTotal": 1233,
        "otherRevenue": 1085,
        "period": "2015-12-31",
        "pretaxIncome": -396,
        "provisionforIncomeTaxes": -170,
        "purchasedFuelPowerGas": 477,
        "revenue": 3541,
        "totalOperatingExpense": 2023,
        "totalOtherIncomeExpenseNet": -8
      },
      {
        "costOfGoodsSold": 1209,
        "depreciationAmortization": 328,
        "dilutedAverageSharesOutstanding": 424,
        "dilutedEPS": 0.93,
        "ebit": 851,
        "grossIncome": 2914,
        "interestExpense": 259,
        "interestIncomeExpense": -202,
        "netIncome": 395,
        "netIncomeAfterTaxes": 395,
        "nonRecurringItems": 0,
        "otherOperatingExpensesTotal": 1253,
        "otherRevenue": 1251,
        "period": "2015-09-30",
        "pretaxIncome": 621,
        "provisionforIncomeTaxes": 226,
        "purchasedFuelPowerGas": 482,
        "revenue": 4123,
        "totalOperatingExpense": 2063,
        "totalOtherIncomeExpenseNet": -28
      }
    ],
    "symbol": "FE"
  }
}