{
  "symbol": "VLTO",
  "statement": "ic",
  "frequency": "quarterly",
  "timestamp": "2025-09-19T14:08:11.317201",
  "data": {
    "financials": [
      {
        "costOfGoodsSold": 549,
        "dilutedAverageSharesOutstanding": 249.9,
        "dilutedEPS": 0.8884,
        "ebit": 313,
        "gainLossOnDispositionOfAssets": 0,
        "grossIncome": 822,
        "interestExpense": 28,
        "interestIncomeExpense": -28,
        "netIncome": 222,
        "netIncomeAfterTaxes": 222,
        "period": "2025-07-04",
        "pretaxIncome": 285,
        "provisionforIncomeTaxes": 63,
        "researchDevelopment": 67,
        "revenue": 1371,
        "sgaExpense": 442,
        "totalOperatingExpense": 509,
        "totalOtherIncomeExpenseNet": 0
      },
      {
        "costOfGoodsSold": 527,
        "dilutedAverageSharesOutstanding": 250.1,
        "dilutedEPS": 0.8996,
        "ebit": 322,
        "gainLossOnDispositionOfAssets": -6,
        "grossIncome": 805,
        "interestExpense": 27,
        "interestIncomeExpense": -27,
        "netIncome": 225,
        "netIncomeAfterTaxes": 225,
        "period": "2025-04-04",
        "pretaxIncome": 289,
        "provisionforIncomeTaxes": 64,
        "researchDevelopment": 64,
        "revenue": 1332,
        "sgaExpense": 419,
        "totalOperatingExpense": 483,
        "totalOtherIncomeExpenseNet": 0
      },
      {
        "costOfGoodsSold": 544,
        "dilutedAverageSharesOutstanding": 250.2,
        "dilutedEPS": 0.9073,
        "ebit": 308,
        "gainLossOnDispositionOfAssets": 0,
        "grossIncome": 801,
        "interestExpense": 28,
        "interestIncomeExpense": -28,
        "netIncome": 227,
        "netIncomeAfterTaxes": 227,
        "nonRecurringItems": 0,
        "period": "2024-12-31",
        "pretaxIncome": 280,
        "provisionforIncomeTaxes": 53,
        "researchDevelopment": 69,
        "revenue": 1345,
        "sgaExpense": 424,
        "totalOperatingExpense": 493,
        "totalOtherIncomeExpenseNet": 0
      },
      {
        "costOfGoodsSold": 531,
        "dilutedAverageSharesOutstanding": 250,
        "dilutedEPS": 0.876,
        "ebit": 308,
        "gainLossOnDispositionOfAssets": 5,
        "grossIncome": 783,
        "interestExpense": 27,
        "interestIncomeExpense": -27,
        "netIncome": 219,
        "netIncomeAfterTaxes": 219,
        "period": "2024-09-27",
        "pretaxIncome": 286,
        "provisionforIncomeTaxes": 67,
        "researchDevelopment": 63,
        "revenue": 1314,
        "sgaExpense": 412,
        "totalOperatingExpense": 475,
        "totalOtherIncomeExpenseNet": 0
      },
      {
        "costOfGoodsSold": 514,
        "dilutedAverageSharesOutstanding": 249.3,
        "dilutedEPS": 0.8143,
        "ebit": 299,
        "gainLossOnDispositionOfAssets": 0,
        "grossIncome": 774,
        "interestExpense": 30,
        "interestIncomeExpense": -30,
        "netIncome": 203,
        "netIncomeAfterTaxes": 203,
        "period": "2024-06-28",
        "pretaxIncome": 270,
        "provisionforIncomeTaxes": 67,
        "researchDevelopment": 61,
        "revenue": 1288,
        "sgaExpense": 414,
        "totalOperatingExpense": 475,
        "totalOtherIncomeExpenseNet": 1
      },
      {
        "costOfGoodsSold": 499,
        "dilutedAverageSharesOutstanding": 248.8,
        "dilutedEPS": 0.7396,
        "ebit": 293,
        "gainLossOnDispositionOfAssets": -15,
        "grossIncome": 747,
        "interestExpense": 28,
        "interestIncomeExpense": -28,
        "netIncome": 184,
        "netIncomeAfterTaxes": 184,
        "period": "2024-03-29",
        "pretaxIncome": 250,
        "provisionforIncomeTaxes": 66,
        "researchDevelopment": 60,
        "revenue": 1246,
        "sgaExpense": 394,
        "totalOperatingExpense": 454,
        "totalOtherIncomeExpenseNet": 0
      },
      {
        "costOfGoodsSold": 542,
        "dilutedAverageSharesOutstanding": 246.7,
        "dilutedEPS": 0.8107,
        "ebit": 286,
        "grossIncome": 746,
        "interestExpense": 25,
        "interestIncomeExpense": -25,
        "netIncome": 200,
        "netIncomeAfterTaxes": 200,
        "nonRecurringItems": 0,
        "period": "2023-12-31",
        "pretaxIncome": 261,
        "provisionforIncomeTaxes": 61,
        "researchDevelopment": 57,
        "revenue": 1288,
        "sgaExpense": 403,
        "totalOperatingExpense": 460,
        "totalOtherIncomeExpenseNet": 0
      },
      {
        "costOfGoodsSold": 532,
        "dilutedAverageSharesOutstanding": 246.3,
        "dilutedEPS": 0.8323,
        "ebit": 273,
        "grossIncome": 723,
        "interestExpense": 5,
        "interestIncomeExpense": -5,
        "netIncome": 205,
        "netIncomeAfterTaxes": 205,
        "period": "2023-09-30",
        "pretaxIncome": 268,
        "provisionforIncomeTaxes": 63,
        "researchDevelopment": 55,
        "revenue": 1255,
        "sgaExpense": 395,
        "totalOperatingExpense": 450
      },
      {
        "costOfGoodsSold": 529,
        "dilutedAverageSharesOutstanding": 246.1,
        "dilutedEPS": 0.85,
        "ebit": 289,
        "grossIncome": 724,
        "netIncome": 209,
        "netIncomeAfterTaxes": 209,
        "period": "2023-06-30",
        "pretaxIncome": 275,
        "provisionforIncomeTaxes": 66,
        "researchDevelopment": 57,
        "revenue": 1253,
        "sgaExpense": 378,
        "totalOperatingExpense": 435,
        "totalOtherIncomeExpenseNet": -14
      },
      {
        "costOfGoodsSold": 517,
        "dilutedAverageSharesOutstanding": 246.1,
        "dilutedEPS": 0.91,
        "ebit": 292,
        "grossIncome": 708,
        "netIncome": 225,
        "netIncomeAfterTaxes": 225,
        "period": "2023-03-31",
        "pretaxIncome": 292,
        "provisionforIncomeTaxes": 67,
        "researchDevelopment": 56,
        "revenue": 1225,
        "sgaExpense": 360,
        "totalOperatingExpense": 416
      },
      {
        "costOfGoodsSold": 2110,
        "dilutedAverageSharesOutstanding": 246.0617,
        "dilutedEPS": 3.4341,
        "ebit": 1112,
        "grossIncome": 2760,
        "netIncome": 845,
        "netIncomeAfterTaxes": 845,
        "period": "2022-12-31",
        "pretaxIncome": 1113,
        "provisionforIncomeTaxes": 268,
        "researchDevelopment": 217,
        "revenue": 4870,
        "sgaExpense": 1431,
        "totalOperatingExpense": 1648,
        "totalOtherIncomeExpenseNet": 1
      },
      {
        "costOfGoodsSold": 524,
        "dilutedAverageSharesOutstanding": 246.1,
        "dilutedEPS": 0.94,
        "ebit": 302,
        "grossIncome": 707,
        "netIncome": 231,
        "netIncomeAfterTaxes": 231,
        "period": "2022-07-01",
        "pretaxIncome": 302,
        "provisionforIncomeTaxes": 71,
        "researchDevelopment": 55,
        "revenue": 1231,
        "sgaExpense": 350,
        "totalOperatingExpense": 405,
        "totalOtherIncomeExpenseNet": 0
      },
      {
        "costOfGoodsSold": 524,
        "dilutedAverageSharesOutstanding": 246.1,
        "dilutedEPS": 0.73,
        "ebit": 231,
        "grossIncome": 648,
        "netIncome": 180,
        "netIncomeAfterTaxes": 180,
        "period": "2022-04-01",
        "pretaxIncome": 231,
        "provisionforIncomeTaxes": 51,
        "researchDevelopment": 57,
        "revenue": 1172,
        "sgaExpense": 360,
        "totalOperatingExpense": 417
      }
    ],
    "symbol": "VLTO"
  }
}