{
  "symbol": "AMP",
  "statement": "ic",
  "frequency": "annual",
  "timestamp": "2025-09-19T13:55:55.424273",
  "data": {
    "financials": [
      {
        "costOfGoodsSold": 8601,
        "depreciationAmortization": 10,
        "dilutedAverageSharesOutstanding": 102.9,
        "dilutedEPS": 33.0515,
        "ebit": 5224,
        "grossIncome": 9325,
        "interestExpense": 329,
        "interestIncomeExpense": -957,
        "netIncome": 3401,
        "netIncomeAfterTaxes": 3401,
        "otherOperatingExpensesTotal": 198,
        "period": "2024-12-31",
        "pretaxIncome": 4267,
        "provisionforIncomeTaxes": 866,
        "revenue": 17926,
        "sgaExpense": 3893,
        "totalOperatingExpense": 4101,
        "year": 2024
      },
      {
        "costOfGoodsSold": 7643,
        "depreciationAmortization": 10,
        "dilutedAverageSharesOutstanding": 107.8,
        "dilutedEPS": 23.7106,
        "ebit": 4356,
        "grossIncome": 8453,
        "interestExpense": 324,
        "interestIncomeExpense": -1122,
        "netIncome": 2556,
        "netIncomeAfterTaxes": 2556,
        "otherOperatingExpensesTotal": 226,
        "period": "2023-12-31",
        "pretaxIncome": 3234,
        "provisionforIncomeTaxes": 678,
        "revenue": 16096,
        "sgaExpense": 3861,
        "totalOperatingExpense": 4097,
        "year": 2023
      },
      {
        "costOfGoodsSold": 7036,
        "depreciationAmortization": 10,
        "dilutedAverageSharesOutstanding": 114,
        "dilutedEPS": 22.44,
        "ebit": 3380,
        "grossIncome": 7311,
        "interestExpense": 198,
        "interestIncomeExpense": -198,
        "netIncome": 2559,
        "netIncomeAfterTaxes": 2559,
        "otherOperatingExpensesTotal": 208,
        "period": "2022-12-31",
        "pretaxIncome": 3182,
        "provisionforIncomeTaxes": 623,
        "revenue": 14347,
        "sgaExpense": 3713,
        "totalOperatingExpense": 3931,
        "year": 2022
      },
      {
        "costOfGoodsSold": 6343,
        "depreciationAmortization": 13,
        "dilutedAverageSharesOutstanding": 120,
        "dilutedEPS": 23,
        "ebit": 3541,
        "grossIncome": 7100,
        "interestExpense": 191,
        "interestIncomeExpense": -191,
        "netIncome": 2760,
        "netIncomeAfterTaxes": 2760,
        "nonRecurringItems": 0,
        "otherOperatingExpensesTotal": 124,
        "period": "2021-12-31",
        "pretaxIncome": 3350,
        "provisionforIncomeTaxes": 590,
        "revenue": 13443,
        "sgaExpense": 3422,
        "totalOperatingExpense": 3559,
        "year": 2021
      },
      {
        "costOfGoodsSold": 6568,
        "depreciationAmortization": 10,
        "dilutedAverageSharesOutstanding": 126,
        "dilutedEPS": 12.17,
        "ebit": 1993,
        "grossIncome": 5390,
        "interestExpense": 162,
        "interestIncomeExpense": -162,
        "netIncome": 1534,
        "netIncomeAfterTaxes": 1534,
        "nonRecurringItems": 0,
        "otherOperatingExpensesTotal": 277,
        "period": "2020-12-31",
        "pretaxIncome": 1831,
        "provisionforIncomeTaxes": 297,
        "revenue": 11958,
        "sgaExpense": 3110,
        "totalOperatingExpense": 3397,
        "year": 2020
      },
      {
        "costOfGoodsSold": 7191,
        "depreciationAmortization": 8,
        "dilutedAverageSharesOutstanding": 136,
        "dilutedEPS": 13.92,
        "ebit": 2233,
        "grossIncome": 5699,
        "interestExpense": 214,
        "interestIncomeExpense": -214,
        "netIncome": 1893,
        "netIncomeAfterTaxes": 1893,
        "nonRecurringItems": 213,
        "otherOperatingExpensesTotal": 179,
        "period": "2019-12-31",
        "pretaxIncome": 2232,
        "provisionforIncomeTaxes": 339,
        "revenue": 12890,
        "sgaExpense": 3279,
        "totalOperatingExpense": 3466,
        "year": 2019
      },
      {
        "costOfGoodsSold": 6702,
        "dilutedAverageSharesOutstanding": 148,
        "dilutedEPS": 14.18,
        "ebit": 2729,
        "grossIncome": 6222,
        "interestExpense": 245,
        "interestIncomeExpense": -245,
        "netIncome": 2098,
        "netIncomeAfterTaxes": 2095,
        "otherOperatingExpensesTotal": 322,
        "period": "2018-12-31",
        "pretaxIncome": 2484,
        "provisionforIncomeTaxes": 389,
        "revenue": 12924,
        "sgaExpense": 3171,
        "totalOperatingExpense": 3493,
        "year": 2018
      },
      {
        "costOfGoodsSold": 6334,
        "dilutedAverageSharesOutstanding": 157,
        "dilutedEPS": 9.42,
        "ebit": 2421,
        "grossIncome": 5846,
        "interestExpense": 207,
        "interestIncomeExpense": -207,
        "netIncome": 1480,
        "netIncomeAfterTaxes": 1766,
        "otherOperatingExpensesTotal": 267,
        "period": "2017-12-31",
        "pretaxIncome": 2214,
        "provisionforIncomeTaxes": 448,
        "revenue": 12180,
        "sgaExpense": 3158,
        "totalOperatingExpense": 3425,
        "year": 2017
      },
      {
        "costOfGoodsSold": 6508,
        "dilutedAverageSharesOutstanding": 168,
        "dilutedEPS": 7.81,
        "ebit": 1832,
        "grossIncome": 5331,
        "interestExpense": 241,
        "interestIncomeExpense": -241,
        "netIncome": 1313,
        "netIncomeAfterTaxes": 1313,
        "otherOperatingExpensesTotal": 415,
        "period": "2016-12-31",
        "pretaxIncome": 1591,
        "provisionforIncomeTaxes": 278,
        "revenue": 11839,
        "sgaExpense": 3084,
        "totalOperatingExpense": 3499,
        "year": 2016
      },
      {
        "costOfGoodsSold": 6235,
        "dilutedAverageSharesOutstanding": 184,
        "dilutedEPS": 8.48,
        "ebit": 2529,
        "grossIncome": 5965,
        "interestExpense": 387,
        "interestIncomeExpense": -387,
        "minorityInterest": -125,
        "netIncome": 1562,
        "netIncomeAfterTaxes": 1687,
        "otherOperatingExpensesTotal": 354,
        "period": "2015-12-31",
        "pretaxIncome": 2142,
        "provisionforIncomeTaxes": 455,
        "revenue": 12200,
        "sgaExpense": 3082,
        "totalOperatingExpense": 3436,
        "year": 2015
      }
    ],
    "symbol": "AMP"
  }
}