{
  "symbol": "TMUS",
  "statement": "ic",
  "frequency": "quarterly",
  "timestamp": "2025-09-19T14:07:09.363599",
  "data": {
    "financials": [
      {
        "costOfGoodsSold": 7376,
        "depreciationAmortization": 3146,
        "dilutedAverageSharesOutstanding": 1134.847,
        "dilutedEPS": 2.8392,
        "ebit": 5213,
        "grossIncome": 13756,
        "interestExpense": 922,
        "interestIncomeExpense": -922,
        "netIncome": 3222,
        "netIncomeAfterTaxes": 3222,
        "otherOperatingExpensesTotal": 478,
        "period": "2025-06-30",
        "pretaxIncome": 4280,
        "provisionforIncomeTaxes": 1058,
        "revenue": 21132,
        "sgaExpense": 4919,
        "totalOperatingExpense": 8543,
        "totalOtherIncomeExpenseNet": -11
      },
      {
        "costOfGoodsSold": 7400,
        "depreciationAmortization": 3198,
        "dilutedAverageSharesOutstanding": 1144.655,
        "dilutedEPS": 2.58,
        "ebit": 4800,
        "grossIncome": 13486,
        "interestExpense": 916,
        "interestIncomeExpense": -916,
        "netIncome": 2953,
        "netIncomeAfterTaxes": 2953,
        "nonRecurringItems": 0,
        "otherOperatingExpensesTotal": 485,
        "period": "2025-03-31",
        "pretaxIncome": 3838,
        "provisionforIncomeTaxes": 885,
        "revenue": 20886,
        "sgaExpense": 5003,
        "totalOperatingExpense": 8686,
        "totalOtherIncomeExpenseNet": -46
      },
      {
        "costOfGoodsSold": 8785,
        "depreciationAmortization": 3149,
        "dilutedAverageSharesOutstanding": 1159.944,
        "dilutedEPS": 2.57,
        "ebit": 4586,
        "grossIncome": 13087,
        "interestExpense": 841,
        "interestIncomeExpense": -841,
        "netIncome": 2981,
        "netIncomeAfterTaxes": 2981,
        "nonRecurringItems": 0,
        "otherOperatingExpensesTotal": 500,
        "period": "2024-12-31",
        "pretaxIncome": 3839,
        "provisionforIncomeTaxes": 858,
        "revenue": 21872,
        "sgaExpense": 4852,
        "totalOperatingExpense": 8501,
        "totalOtherIncomeExpenseNet": 94
      },
      {
        "costOfGoodsSold": 7029,
        "depreciationAmortization": 3151,
        "dilutedAverageSharesOutstanding": 1170.65,
        "dilutedEPS": 2.61,
        "ebit": 4796,
        "grossIncome": 13133,
        "interestExpense": 836,
        "interestIncomeExpense": -836,
        "netIncome": 3059,
        "netIncomeAfterTaxes": 3059,
        "nonRecurringItems": 0,
        "otherOperatingExpensesTotal": 490,
        "period": "2024-09-30",
        "pretaxIncome": 3967,
        "provisionforIncomeTaxes": 908,
        "revenue": 20162,
        "sgaExpense": 4696,
        "totalOperatingExpense": 8337,
        "totalOtherIncomeExpenseNet": 7
      },
      {
        "costOfGoodsSold": 6679,
        "depreciationAmortization": 3248,
        "dilutedAverageSharesOutstanding": 1172.447,
        "dilutedEPS": 2.49,
        "ebit": 4621,
        "grossIncome": 13093,
        "interestExpense": 854,
        "interestIncomeExpense": -854,
        "netIncome": 2925,
        "netIncomeAfterTaxes": 2925,
        "nonRecurringItems": 9,
        "otherOperatingExpensesTotal": 489,
        "period": "2024-06-30",
        "pretaxIncome": 3768,
        "provisionforIncomeTaxes": 843,
        "revenue": 19772,
        "sgaExpense": 4735,
        "totalOperatingExpense": 8472,
        "totalOtherIncomeExpenseNet": -8
      },
      {
        "costOfGoodsSold": 6980,
        "depreciationAmortization": 3371,
        "dilutedAverageSharesOutstanding": 1189.092,
        "dilutedEPS": 2,
        "ebit": 4128,
        "grossIncome": 12614,
        "interestExpense": 880,
        "interestIncomeExpense": -880,
        "netIncome": 2374,
        "netIncomeAfterTaxes": 2374,
        "nonRecurringItems": -130,
        "otherOperatingExpensesTotal": 489,
        "period": "2024-03-31",
        "pretaxIncome": 3138,
        "provisionforIncomeTaxes": 764,
        "revenue": 19594,
        "sgaExpense": 4626,
        "totalOperatingExpense": 8486,
        "totalOtherIncomeExpenseNet": 20
      },
      {
        "costOfGoodsSold": 8254,
        "depreciationAmortization": 3318,
        "dilutedAverageSharesOutstanding": 1206.275,
        "dilutedEPS": 1.67,
        "ebit": 3728,
        "grossIncome": 12224,
        "interestExpense": 849,
        "interestIncomeExpense": -849,
        "netIncome": 2014,
        "netIncomeAfterTaxes": 2014,
        "nonRecurringItems": -248,
        "otherOperatingExpensesTotal": 500,
        "period": "2023-12-31",
        "pretaxIncome": 2643,
        "provisionforIncomeTaxes": 629,
        "revenue": 20478,
        "sgaExpense": 4678,
        "totalOperatingExpense": 8496,
        "totalOtherIncomeExpenseNet": 12
      },
      {
        "costOfGoodsSold": 7018,
        "depreciationAmortization": 3187,
        "dilutedAverageSharesOutstanding": 1174.39,
        "dilutedEPS": 1.82,
        "ebit": 3748,
        "grossIncome": 12234,
        "interestExpense": 790,
        "interestIncomeExpense": -790,
        "netIncome": 2142,
        "netIncomeAfterTaxes": 2142,
        "nonRecurringItems": -152,
        "otherOperatingExpensesTotal": 468,
        "period": "2023-09-30",
        "pretaxIncome": 2847,
        "provisionforIncomeTaxes": 705,
        "revenue": 19252,
        "sgaExpense": 4831,
        "totalOperatingExpense": 8486,
        "totalOtherIncomeExpenseNet": 41
      },
      {
        "costOfGoodsSold": 6826,
        "depreciationAmortization": 3110,
        "dilutedAverageSharesOutstanding": 1195.534,
        "dilutedEPS": 1.86,
        "ebit": 4086,
        "grossIncome": 12370,
        "interestExpense": 861,
        "interestIncomeExpense": -861,
        "netIncome": 2221,
        "netIncomeAfterTaxes": 2221,
        "nonRecurringItems": -293,
        "otherOperatingExpensesTotal": 444,
        "period": "2023-06-30",
        "pretaxIncome": 2938,
        "provisionforIncomeTaxes": 717,
        "revenue": 19196,
        "sgaExpense": 4730,
        "totalOperatingExpense": 8284,
        "totalOtherIncomeExpenseNet": 6
      },
      {
        "costOfGoodsSold": 7450,
        "depreciationAmortization": 3203,
        "dilutedAverageSharesOutstanding": 1224.605,
        "dilutedEPS": 1.58,
        "ebit": 3713,
        "grossIncome": 12182,
        "interestExpense": 835,
        "interestIncomeExpense": -835,
        "netIncome": 1940,
        "netIncomeAfterTaxes": 1940,
        "nonRecurringItems": -316,
        "period": "2023-03-31",
        "pretaxIncome": 2571,
        "provisionforIncomeTaxes": 631,
        "revenue": 19632,
        "sgaExpense": 5266,
        "totalOperatingExpense": 8469,
        "totalOtherIncomeExpenseNet": 9
      },
      {
        "costOfGoodsSold": 8325,
        "depreciationAmortization": 3262,
        "dilutedAverageSharesOutstanding": 1247.323,
        "dilutedEPS": 1.18,
        "ebit": 3355,
        "grossIncome": 11948,
        "interestExpense": 822,
        "interestIncomeExpense": -822,
        "netIncome": 1477,
        "netIncomeAfterTaxes": 1477,
        "nonRecurringItems": -608,
        "period": "2022-12-31",
        "pretaxIncome": 1927,
        "provisionforIncomeTaxes": 450,
        "revenue": 20273,
        "sgaExpense": 5331,
        "totalOperatingExpense": 8593,
        "totalOtherIncomeExpenseNet": 2
      },
      {
        "costOfGoodsSold": 7624,
        "depreciationAmortization": 3313,
        "dilutedAverageSharesOutstanding": 1259.21,
        "dilutedEPS": 0.4,
        "ebit": 3648,
        "grossIncome": 11853,
        "interestExpense": 827,
        "interestIncomeExpense": -827,
        "netIncome": 508,
        "netIncomeAfterTaxes": 508,
        "nonRecurringItems": -2367,
        "period": "2022-09-30",
        "pretaxIncome": 451,
        "provisionforIncomeTaxes": -57,
        "revenue": 19477,
        "sgaExpense": 4892,
        "totalOperatingExpense": 8205,
        "totalOtherIncomeExpenseNet": -3
      },
      {
        "costOfGoodsSold": 7748,
        "depreciationAmortization": 3491,
        "dilutedAverageSharesOutstanding": 1253.933,
        "dilutedEPS": -0.09,
        "ebit": 3254,
        "grossIncome": 11953,
        "interestExpense": 851,
        "interestIncomeExpense": -851,
        "netIncome": -108,
        "netIncomeAfterTaxes": -108,
        "nonRecurringItems": -2545,
        "period": "2022-06-30",
        "pretaxIncome": -163,
        "provisionforIncomeTaxes": -55,
        "revenue": 19701,
        "sgaExpense": 5208,
        "totalOperatingExpense": 8699,
        "totalOtherIncomeExpenseNet": -21
      },
      {
        "costOfGoodsSold": 8315,
        "depreciationAmortization": 3585,
        "dilutedAverageSharesOutstanding": 1255.369,
        "dilutedEPS": 0.57,
        "ebit": 3219,
        "grossIncome": 11805,
        "interestExpense": 864,
        "interestIncomeExpense": -864,
        "netIncome": 713,
        "netIncomeAfterTaxes": 713,
        "nonRecurringItems": -1413,
        "period": "2022-03-31",
        "pretaxIncome": 931,
        "provisionforIncomeTaxes": 218,
        "revenue": 20120,
        "sgaExpense": 5001,
        "totalOperatingExpense": 8586,
        "totalOtherIncomeExpenseNet": -11
      },
      {
        "costOfGoodsSold": 9447,
        "depreciationAmortization": 3872,
        "dilutedAverageSharesOutstanding": 1255.904,
        "dilutedEPS": 0.34,
        "ebit": 2306,
        "grossIncome": 11338,
        "interestExpense": 834,
        "interestIncomeExpense": -821,
        "netIncome": 422,
        "netIncomeAfterTaxes": 422,
        "nonRecurringItems": -1243,
        "period": "2021-12-31",
        "pretaxIncome": 229,
        "provisionforIncomeTaxes": -193,
        "revenue": 20785,
        "sgaExpense": 5160,
        "totalOperatingExpense": 9032,
        "totalOtherIncomeExpenseNet": -13
      },
      {
        "costOfGoodsSold": 8168,
        "depreciationAmortization": 4145,
        "dilutedAverageSharesOutstanding": 1253.661,
        "dilutedEPS": 0.55,
        "ebit": 2539,
        "grossIncome": 11456,
        "interestExpense": 838,
        "interestIncomeExpense": -836,
        "netIncome": 691,
        "netIncomeAfterTaxes": 691,
        "nonRecurringItems": -955,
        "period": "2021-09-30",
        "pretaxIncome": 688,
        "provisionforIncomeTaxes": -3,
        "revenue": 19624,
        "sgaExpense": 4772,
        "totalOperatingExpense": 8917,
        "totalOtherIncomeExpenseNet": -60
      },
      {
        "costOfGoodsSold": 8624,
        "depreciationAmortization": 4077,
        "dilutedAverageSharesOutstanding": 1253.718,
        "dilutedEPS": 0.78,
        "ebit": 2677,
        "grossIncome": 11326,
        "interestExpense": 852,
        "interestIncomeExpense": -850,
        "netIncome": 978,
        "netIncomeAfterTaxes": 978,
        "nonRecurringItems": -571,
        "period": "2021-06-30",
        "pretaxIncome": 1255,
        "provisionforIncomeTaxes": 277,
        "revenue": 19950,
        "sgaExpense": 4572,
        "totalOperatingExpense": 8649,
        "totalOtherIncomeExpenseNet": -1
      },
      {
        "costOfGoodsSold": 8373,
        "depreciationAmortization": 4289,
        "dilutedAverageSharesOutstanding": 1252.784,
        "dilutedEPS": 0.74,
        "ebit": 2437,
        "grossIncome": 11386,
        "interestExpense": 838,
        "interestIncomeExpense": -835,
        "netIncome": 933,
        "netIncomeAfterTaxes": 933,
        "nonRecurringItems": -298,
        "period": "2021-03-31",
        "pretaxIncome": 1179,
        "provisionforIncomeTaxes": 246,
        "revenue": 19759,
        "sgaExpense": 4660,
        "totalOperatingExpense": 8949,
        "totalOtherIncomeExpenseNet": -125
      },
      {
        "costOfGoodsSold": 9119,
        "depreciationAmortization": 4219,
        "dilutedAverageSharesOutstanding": 1252.876,
        "dilutedEPS": 0.6,
        "ebit": 2398,
        "grossIncome": 11222,
        "interestExpense": 798,
        "interestIncomeExpense": -790,
        "netIncome": 750,
        "netIncomeAfterTaxes": 750,
        "nonRecurringItems": -686,
        "period": "2020-12-31",
        "pretaxIncome": 821,
        "provisionforIncomeTaxes": 71,
        "revenue": 20341,
        "sgaExpense": 4605,
        "totalOperatingExpense": 8824,
        "totalOtherIncomeExpenseNet": -101
      },
      {
        "costOfGoodsSold": 7602,
        "depreciationAmortization": 4150,
        "dilutedAverageSharesOutstanding": 1249.799,
        "dilutedEPS": 1,
        "ebit": 2853,
        "grossIncome": 11670,
        "interestExpense": 809,
        "interestIncomeExpense": -806,
        "netIncome": 1253,
        "netIncomeAfterTaxes": 1253,
        "nonRecurringItems": -288,
        "period": "2020-09-30",
        "pretaxIncome": 1660,
        "provisionforIncomeTaxes": 407,
        "revenue": 19272,
        "sgaExpense": 4667,
        "totalOperatingExpense": 8817,
        "totalOtherIncomeExpenseNet": -99
      },
      {
        "costOfGoodsSold": 6725,
        "depreciationAmortization": 4064,
        "dilutedAverageSharesOutstanding": 1236.528,
        "dilutedEPS": 0.08,
        "ebit": 2036,
        "grossIncome": 10946,
        "interestExpense": 839,
        "interestIncomeExpense": -833,
        "netIncome": 110,
        "netIncomeAfterTaxes": -210,
        "nonRecurringItems": -1216,
        "period": "2020-06-30",
        "pretaxIncome": -208,
        "provisionforIncomeTaxes": 2,
        "revenue": 17671,
        "sgaExpense": 4846,
        "totalOperatingExpense": 8910,
        "totalOtherIncomeExpenseNet": -195
      },
      {
        "costOfGoodsSold": 4168,
        "depreciationAmortization": 1718,
        "dilutedAverageSharesOutstanding": 865.999,
        "dilutedEPS": 1.1,
        "ebit": 1799,
        "grossIncome": 6945,
        "interestExpense": 284,
        "interestIncomeExpense": -272,
        "netIncome": 951,
        "netIncomeAfterTaxes": 951,
        "nonRecurringItems": -260,
        "period": "2020-03-31",
        "pretaxIncome": 1257,
        "provisionforIncomeTaxes": 306,
        "revenue": 11113,
        "sgaExpense": 3428,
        "totalOperatingExpense": 5146,
        "totalOtherIncomeExpenseNet": -10
      },
      {
        "costOfGoodsSold": 5212,
        "depreciationAmortization": 1776,
        "dilutedAverageSharesOutstanding": 865.17,
        "dilutedEPS": 0.87,
        "ebit": 1360,
        "grossIncome": 6666,
        "interestExpense": 280,
        "interestIncomeExpense": -273,
        "netIncome": 751,
        "netIncomeAfterTaxes": 751,
        "nonRecurringItems": -126,
        "period": "2019-12-31",
        "pretaxIncome": 965,
        "provisionforIncomeTaxes": 214,
        "revenue": 11878,
        "sgaExpense": 3530,
        "totalOperatingExpense": 5306,
        "totalOtherIncomeExpenseNet": 4
      },
      {
        "costOfGoodsSold": 4437,
        "depreciationAmortization": 1655,
        "dilutedAverageSharesOutstanding": 862.691,
        "dilutedEPS": 1.01,
        "ebit": 1630,
        "grossIncome": 6624,
        "interestExpense": 284,
        "interestIncomeExpense": -279,
        "netIncome": 870,
        "netIncomeAfterTaxes": 870,
        "nonRecurringItems": -159,
        "period": "2019-09-30",
        "pretaxIncome": 1195,
        "provisionforIncomeTaxes": 325,
        "revenue": 11061,
        "sgaExpense": 3339,
        "totalOperatingExpense": 4994,
        "totalOtherIncomeExpenseNet": 3
      },
      {
        "costOfGoodsSold": 4310,
        "depreciationAmortization": 1585,
        "dilutedAverageSharesOutstanding": 860.136,
        "dilutedEPS": 1.09,
        "ebit": 1763,
        "grossIncome": 6669,
        "interestExpense": 283,
        "interestIncomeExpense": -279,
        "netIncome": 939,
        "netIncomeAfterTaxes": 939,
        "nonRecurringItems": -222,
        "period": "2019-06-30",
        "pretaxIncome": 1240,
        "provisionforIncomeTaxes": 301,
        "revenue": 10979,
        "sgaExpense": 3321,
        "totalOperatingExpense": 4906,
        "totalOtherIncomeExpenseNet": -22
      },
      {
        "costOfGoodsSold": 4562,
        "depreciationAmortization": 1600,
        "dilutedAverageSharesOutstanding": 858.643,
        "dilutedEPS": 1.06,
        "ebit": 1589,
        "grossIncome": 6518,
        "interestExpense": 288,
        "interestIncomeExpense": -280,
        "netIncome": 908,
        "netIncomeAfterTaxes": 908,
        "nonRecurringItems": -113,
        "period": "2019-03-31",
        "pretaxIncome": 1203,
        "provisionforIncomeTaxes": 295,
        "revenue": 11080,
        "sgaExpense": 3329,
        "totalOperatingExpense": 4929,
        "totalOtherIncomeExpenseNet": 7
      },
      {
        "costOfGoodsSold": 5170,
        "depreciationAmortization": 1640,
        "dilutedAverageSharesOutstanding": 858.415,
        "dilutedEPS": 0.75,
        "ebit": 1137,
        "grossIncome": 6275,
        "interestExpense": 298,
        "interestIncomeExpense": -296,
        "netIncome": 640,
        "netIncomeAfterTaxes": 640,
        "nonRecurringItems": 0,
        "period": "2018-12-31",
        "pretaxIncome": 838,
        "provisionforIncomeTaxes": 198,
        "revenue": 11445,
        "sgaExpense": 3498,
        "totalOperatingExpense": 5138,
        "totalOtherIncomeExpenseNet": -3
      },
      {
        "costOfGoodsSold": 4448,
        "depreciationAmortization": 1637,
        "dilutedAverageSharesOutstanding": 853.853,
        "dilutedEPS": 0.93,
        "ebit": 1440,
        "grossIncome": 6391,
        "interestExpense": 318,
        "interestIncomeExpense": -313,
        "netIncome": 795,
        "netIncomeAfterTaxes": 795,
        "nonRecurringItems": 0,
        "period": "2018-09-30",
        "pretaxIncome": 1130,
        "provisionforIncomeTaxes": 335,
        "revenue": 10839,
        "sgaExpense": 3314,
        "totalOperatingExpense": 4951,
        "totalOtherIncomeExpenseNet": 3
      },
      {
        "costOfGoodsSold": 4302,
        "depreciationAmortization": 1634,
        "dilutedAverageSharesOutstanding": 852.041,
        "dilutedEPS": 0.92,
        "ebit": 1450,
        "grossIncome": 6269,
        "interestExpense": 324,
        "interestIncomeExpense": -318,
        "netIncome": 782,
        "netIncomeAfterTaxes": 782,
        "nonRecurringItems": 0,
        "period": "2018-06-30",
        "pretaxIncome": 1068,
        "provisionforIncomeTaxes": 286,
        "revenue": 10571,
        "sgaExpense": 3185,
        "totalOperatingExpense": 4819,
        "totalOtherIncomeExpenseNet": -64
      },
      {
        "costOfGoodsSold": 4434,
        "depreciationAmortization": 1575,
        "dilutedAverageSharesOutstanding": 862.244,
        "dilutedEPS": 0.78,
        "ebit": 1282,
        "grossIncome": 6021,
        "interestExpense": 417,
        "interestIncomeExpense": -411,
        "netIncome": 671,
        "netIncomeAfterTaxes": 671,
        "nonRecurringItems": 0,
        "period": "2018-03-31",
        "pretaxIncome": 881,
        "provisionforIncomeTaxes": 210,
        "revenue": 10455,
        "sgaExpense": 3164,
        "totalOperatingExpense": 4739,
        "totalOtherIncomeExpenseNet": 10
      },
      {
        "costOfGoodsSold": 5039,
        "depreciationAmortization": 1485,
        "dilutedAverageSharesOutstanding": 871.943,
        "dilutedEPS": 3.08,
        "ebit": 944,
        "grossIncome": 5720,
        "interestExpense": 416,
        "interestIncomeExpense": -414,
        "netIncome": 2693,
        "netIncomeAfterTaxes": 510,
        "nonRecurringItems": 168,
        "period": "2017-12-31",
        "pretaxIncome": 714,
        "provisionforIncomeTaxes": 204,
        "revenue": 10759,
        "sgaExpense": 3291,
        "totalOperatingExpense": 4776,
        "totalOtherIncomeExpenseNet": 16
      },
      {
        "costOfGoodsSold": 4211,
        "depreciationAmortization": 1416,
        "dilutedAverageSharesOutstanding": 871.42,
        "dilutedEPS": 0.62,
        "ebit": 1294,
        "grossIncome": 5808,
        "interestExpense": 420,
        "interestIncomeExpense": -418,
        "netIncome": 537,
        "netIncomeAfterTaxes": 550,
        "nonRecurringItems": 29,
        "period": "2017-09-30",
        "pretaxIncome": 906,
        "provisionforIncomeTaxes": 356,
        "revenue": 10019,
        "sgaExpense": 3098,
        "totalOperatingExpense": 4514,
        "totalOtherIncomeExpenseNet": 1
      },
      {
        "costOfGoodsSold": 4364,
        "depreciationAmortization": 1519,
        "dilutedAverageSharesOutstanding": 870.456,
        "dilutedEPS": 0.65,
        "ebit": 1415,
        "grossIncome": 5849,
        "interestExpense": 396,
        "interestIncomeExpense": -390,
        "netIncome": 567,
        "netIncomeAfterTaxes": 581,
        "nonRecurringItems": 1,
        "period": "2017-06-30",
        "pretaxIncome": 934,
        "provisionforIncomeTaxes": 353,
        "revenue": 10213,
        "sgaExpense": 2915,
        "totalOperatingExpense": 4434,
        "totalOtherIncomeExpenseNet": -92
      },
      {
        "costOfGoodsSold": 4094,
        "depreciationAmortization": 1564,
        "dilutedAverageSharesOutstanding": 869.395,
        "dilutedEPS": 0.79,
        "ebit": 1000,
        "grossIncome": 5519,
        "interestExpense": 439,
        "interestIncomeExpense": -432,
        "netIncome": 684,
        "netIncomeAfterTaxes": 698,
        "nonRecurringItems": 37,
        "period": "2017-03-31",
        "pretaxIncome": 607,
        "provisionforIncomeTaxes": -91,
        "revenue": 9613,
        "sgaExpense": 2955,
        "totalOperatingExpense": 4519,
        "totalOtherIncomeExpenseNet": 2
      },
      {
        "costOfGoodsSold": 4732,
        "depreciationAmortization": 1548,
        "dilutedAverageSharesOutstanding": 838.495,
        "dilutedEPS": 0.45,
        "ebit": 1001,
        "grossIncome": 5502,
        "interestExpense": 399,
        "interestIncomeExpense": -395,
        "netIncome": 376,
        "netIncomeAfterTaxes": 390,
        "nonRecurringItems": 0,
        "period": "2016-12-31",
        "pretaxIncome": 606,
        "provisionforIncomeTaxes": 216,
        "revenue": 10234,
        "sgaExpense": 2953,
        "totalOperatingExpense": 4501,
        "totalOtherIncomeExpenseNet": 0
      },
      {
        "costOfGoodsSold": 3975,
        "depreciationAmortization": 1568,
        "dilutedAverageSharesOutstanding": 832.258,
        "dilutedEPS": 0.42,
        "ebit": 849,
        "grossIncome": 5330,
        "interestExpense": 452,
        "interestIncomeExpense": -449,
        "netIncome": 353,
        "netIncomeAfterTaxes": 366,
        "nonRecurringItems": 199,
        "period": "2016-09-30",
        "pretaxIncome": 598,
        "provisionforIncomeTaxes": 232,
        "revenue": 9305,
        "sgaExpense": 2913,
        "totalOperatingExpense": 4481,
        "totalOtherIncomeExpenseNet": -1
      },
      {
        "costOfGoodsSold": 4048,
        "depreciationAmortization": 1575,
        "dilutedAverageSharesOutstanding": 829.753,
        "dilutedEPS": 0.25,
        "ebit": 833,
        "grossIncome": 5239,
        "interestExpense": 461,
        "interestIncomeExpense": -458,
        "netIncome": 211,
        "netIncomeAfterTaxes": 225,
        "nonRecurringItems": 0,
        "period": "2016-06-30",
        "pretaxIncome": 372,
        "provisionforIncomeTaxes": 147,
        "revenue": 9287,
        "sgaExpense": 2831,
        "totalOperatingExpense": 4406,
        "totalOtherIncomeExpenseNet": -3
      },
      {
        "costOfGoodsSold": 3795,
        "depreciationAmortization": 1552,
        "dilutedAverageSharesOutstanding": 859.383,
        "dilutedEPS": 0.54,
        "ebit": 532,
        "grossIncome": 4869,
        "interestExpense": 418,
        "interestIncomeExpense": -415,
        "netIncome": 465,
        "netIncomeAfterTaxes": 479,
        "nonRecurringItems": 636,
        "period": "2016-03-31",
        "pretaxIncome": 751,
        "provisionforIncomeTaxes": 272,
        "revenue": 8664,
        "sgaExpense": 2785,
        "totalOperatingExpense": 4337,
        "totalOtherIncomeExpenseNet": -2
      },
      {
        "costOfGoodsSold": 3403,
        "depreciationAmortization": 1369,
        "dilutedAverageSharesOutstanding": 828.928,
        "dilutedEPS": 0.34,
        "ebit": 699,
        "grossIncome": 4844,
        "interestExpense": 439,
        "interestIncomeExpense": -354,
        "netIncome": 283,
        "netIncomeAfterTaxes": 297,
        "nonRecurringItems": 139,
        "otherOperatingExpensesTotal": 0,
        "period": "2015-12-31",
        "pretaxIncome": 481,
        "provisionforIncomeTaxes": 184,
        "revenue": 8247,
        "sgaExpense": 2776,
        "totalOperatingExpense": 4145,
        "totalOtherIncomeExpenseNet": -3
      },
      {
        "costOfGoodsSold": 3363,
        "depreciationAmortization": 1157,
        "dilutedAverageSharesOutstanding": 822.017,
        "dilutedEPS": 0.15,
        "ebit": 512,
        "grossIncome": 4486,
        "interestExpense": 383,
        "interestIncomeExpense": -274,
        "netIncome": 125,
        "netIncomeAfterTaxes": 138,
        "nonRecurringItems": 1,
        "period": "2015-09-30",
        "pretaxIncome": 238,
        "provisionforIncomeTaxes": 100,
        "revenue": 7849,
        "sgaExpense": 2817,
        "totalOperatingExpense": 3974,
        "totalOtherIncomeExpenseNet": -1
      }
    ],
    "symbol": "TMUS"
  }
}