{
  "symbol": "UNP",
  "statement": "ic",
  "frequency": "quarterly",
  "timestamp": "2025-09-19T14:07:57.290072",
  "data": {
    "financials": [
      {
        "costOfGoodsSold": 1218,
        "depreciationAmortization": 613,
        "dilutedAverageSharesOutstanding": 594.8,
        "dilutedEPS": 3.15,
        "ebit": 2525,
        "grossIncome": 4936,
        "interestExpense": 335,
        "interestIncomeExpense": -319,
        "netIncome": 1876,
        "netIncomeAfterTaxes": 1876,
        "otherOperatingExpensesTotal": 319,
        "period": "2025-06-30",
        "pretaxIncome": 2313,
        "provisionforIncomeTaxes": 437,
        "revenue": 6154,
        "sgaExpense": 1479,
        "totalOperatingExpense": 2411,
        "totalOtherIncomeExpenseNet": 107
      },
      {
        "costOfGoodsSold": 1234,
        "depreciationAmortization": 610,
        "dilutedAverageSharesOutstanding": 601.9,
        "dilutedEPS": 2.7,
        "ebit": 2371,
        "grossIncome": 4793,
        "interestExpense": 322,
        "interestIncomeExpense": -322,
        "netIncome": 1626,
        "netIncomeAfterTaxes": 1626,
        "otherOperatingExpensesTotal": 359,
        "period": "2025-03-31",
        "pretaxIncome": 2127,
        "provisionforIncomeTaxes": 501,
        "revenue": 6027,
        "sgaExpense": 1453,
        "totalOperatingExpense": 2422,
        "totalOtherIncomeExpenseNet": 78
      },
      {
        "costOfGoodsSold": 1200,
        "depreciationAmortization": 606,
        "dilutedAverageSharesOutstanding": 605.3,
        "dilutedEPS": 2.91,
        "ebit": 2525,
        "grossIncome": 4921,
        "interestExpense": 312,
        "interestIncomeExpense": -284,
        "netIncome": 1762,
        "netIncomeAfterTaxes": 1762,
        "otherOperatingExpensesTotal": 281,
        "period": "2024-12-31",
        "pretaxIncome": 2281,
        "provisionforIncomeTaxes": 519,
        "revenue": 6121,
        "sgaExpense": 1509,
        "totalOperatingExpense": 2396,
        "totalOtherIncomeExpenseNet": 40
      },
      {
        "costOfGoodsSold": 1254,
        "depreciationAmortization": 602,
        "dilutedAverageSharesOutstanding": 608.6,
        "dilutedEPS": 2.75,
        "ebit": 2416,
        "grossIncome": 4837,
        "interestExpense": 314,
        "interestIncomeExpense": -314,
        "netIncome": 1671,
        "netIncomeAfterTaxes": 1671,
        "otherOperatingExpensesTotal": 354,
        "period": "2024-09-30",
        "pretaxIncome": 2189,
        "provisionforIncomeTaxes": 518,
        "revenue": 6091,
        "sgaExpense": 1465,
        "totalOperatingExpense": 2421,
        "totalOtherIncomeExpenseNet": 87
      },
      {
        "costOfGoodsSold": 1269,
        "depreciationAmortization": 596,
        "dilutedAverageSharesOutstanding": 610.3,
        "dilutedEPS": 2.74,
        "ebit": 2400,
        "grossIncome": 4738,
        "interestExpense": 319,
        "interestIncomeExpense": -295,
        "netIncome": 1673,
        "netIncomeAfterTaxes": 1673,
        "otherOperatingExpensesTotal": 336,
        "period": "2024-06-30",
        "pretaxIncome": 2184,
        "provisionforIncomeTaxes": 511,
        "revenue": 6007,
        "sgaExpense": 1406,
        "totalOperatingExpense": 2338,
        "totalOtherIncomeExpenseNet": 79
      },
      {
        "costOfGoodsSold": 1271,
        "depreciationAmortization": 594,
        "dilutedAverageSharesOutstanding": 610.2,
        "dilutedEPS": 2.69,
        "ebit": 2372,
        "grossIncome": 4760,
        "interestExpense": 324,
        "interestIncomeExpense": -324,
        "netIncome": 1641,
        "netIncomeAfterTaxes": 1641,
        "otherOperatingExpensesTotal": 355,
        "period": "2024-03-31",
        "pretaxIncome": 2140,
        "provisionforIncomeTaxes": 499,
        "revenue": 6031,
        "sgaExpense": 1439,
        "totalOperatingExpense": 2388,
        "totalOtherIncomeExpenseNet": 92
      },
      {
        "costOfGoodsSold": 1404,
        "depreciationAmortization": 589,
        "dilutedAverageSharesOutstanding": 609.9,
        "dilutedEPS": 2.71,
        "ebit": 2407,
        "grossIncome": 4755,
        "interestExpense": 331,
        "interestIncomeExpense": -331,
        "netIncome": 1652,
        "netIncomeAfterTaxes": 1652,
        "nonRecurringItems": 0,
        "otherOperatingExpensesTotal": 361,
        "period": "2023-12-31",
        "pretaxIncome": 2184,
        "provisionforIncomeTaxes": 532,
        "revenue": 6159,
        "sgaExpense": 1398,
        "totalOperatingExpense": 2348,
        "totalOtherIncomeExpenseNet": 108
      },
      {
        "costOfGoodsSold": 1370,
        "depreciationAmortization": 580,
        "dilutedAverageSharesOutstanding": 609.8,
        "dilutedEPS": 2.51,
        "ebit": 2177,
        "grossIncome": 4571,
        "interestExpense": 334,
        "interestIncomeExpense": -334,
        "netIncome": 1528,
        "netIncomeAfterTaxes": 1528,
        "nonRecurringItems": 0,
        "otherOperatingExpensesTotal": 378,
        "period": "2023-09-30",
        "pretaxIncome": 1949,
        "provisionforIncomeTaxes": 421,
        "revenue": 5941,
        "sgaExpense": 1436,
        "totalOperatingExpense": 2394,
        "totalOtherIncomeExpenseNet": 106
      },
      {
        "costOfGoodsSold": 1314,
        "depreciationAmortization": 577,
        "dilutedAverageSharesOutstanding": 609.5,
        "dilutedEPS": 2.57,
        "ebit": 2204,
        "grossIncome": 4649,
        "interestExpense": 339,
        "interestIncomeExpense": -339,
        "netIncome": 1569,
        "netIncomeAfterTaxes": 1569,
        "nonRecurringItems": 0,
        "otherOperatingExpensesTotal": 351,
        "period": "2023-06-30",
        "pretaxIncome": 1958,
        "provisionforIncomeTaxes": 389,
        "revenue": 5963,
        "sgaExpense": 1517,
        "totalOperatingExpense": 2445,
        "totalOtherIncomeExpenseNet": 93
      },
      {
        "costOfGoodsSold": 1419,
        "depreciationAmortization": 572,
        "dilutedAverageSharesOutstanding": 611.5,
        "dilutedEPS": 2.67,
        "ebit": 2294,
        "grossIncome": 4637,
        "interestExpense": 336,
        "interestIncomeExpense": -336,
        "netIncome": 1630,
        "netIncomeAfterTaxes": 1630,
        "nonRecurringItems": 107,
        "otherOperatingExpensesTotal": 357,
        "period": "2023-03-31",
        "pretaxIncome": 2142,
        "provisionforIncomeTaxes": 512,
        "revenue": 6056,
        "sgaExpense": 1414,
        "totalOperatingExpense": 2343,
        "totalOtherIncomeExpenseNet": 77
      },
      {
        "costOfGoodsSold": 1486,
        "depreciationAmortization": 569,
        "dilutedAverageSharesOutstanding": 613.8,
        "dilutedEPS": 2.67,
        "ebit": 2412,
        "grossIncome": 4694,
        "interestExpense": 333,
        "interestIncomeExpense": -333,
        "netIncome": 1638,
        "netIncomeAfterTaxes": 1638,
        "otherOperatingExpensesTotal": 301,
        "period": "2022-12-31",
        "pretaxIncome": 2171,
        "provisionforIncomeTaxes": 533,
        "revenue": 6180,
        "sgaExpense": 1412,
        "totalOperatingExpense": 2282,
        "totalOtherIncomeExpenseNet": 92
      },
      {
        "costOfGoodsSold": 1558,
        "depreciationAmortization": 563,
        "dilutedAverageSharesOutstanding": 621.5,
        "dilutedEPS": 3.05,
        "ebit": 2633,
        "grossIncome": 5008,
        "interestExpense": 315,
        "interestIncomeExpense": -315,
        "netIncome": 1895,
        "netIncomeAfterTaxes": 1895,
        "otherOperatingExpensesTotal": 319,
        "period": "2022-09-30",
        "pretaxIncome": 2442,
        "provisionforIncomeTaxes": 547,
        "revenue": 6566,
        "sgaExpense": 1493,
        "totalOperatingExpense": 2375,
        "totalOtherIncomeExpenseNet": 124
      },
      {
        "costOfGoodsSold": 1562,
        "depreciationAmortization": 559,
        "dilutedAverageSharesOutstanding": 626.8,
        "dilutedEPS": 2.93,
        "ebit": 2495,
        "gainLossOnDispositionOfAssets": 98,
        "grossIncome": 4707,
        "interestExpense": 316,
        "interestIncomeExpense": -316,
        "netIncome": 1835,
        "netIncomeAfterTaxes": 1835,
        "otherOperatingExpensesTotal": 331,
        "period": "2022-06-30",
        "pretaxIncome": 2342,
        "provisionforIncomeTaxes": 507,
        "revenue": 6269,
        "sgaExpense": 1322,
        "totalOperatingExpense": 2212,
        "totalOtherIncomeExpenseNet": 65
      },
      {
        "costOfGoodsSold": 1275,
        "depreciationAmortization": 555,
        "dilutedAverageSharesOutstanding": 633.6,
        "dilutedEPS": 2.57,
        "ebit": 2377,
        "grossIncome": 4585,
        "interestExpense": 307,
        "interestIncomeExpense": -307,
        "netIncome": 1630,
        "netIncomeAfterTaxes": 1630,
        "otherOperatingExpensesTotal": 337,
        "period": "2022-03-31",
        "pretaxIncome": 2117,
        "provisionforIncomeTaxes": 487,
        "revenue": 5860,
        "sgaExpense": 1316,
        "totalOperatingExpense": 2208,
        "totalOtherIncomeExpenseNet": 47
      },
      {
        "costOfGoodsSold": 1135,
        "depreciationAmortization": 556,
        "dilutedAverageSharesOutstanding": 641.9,
        "dilutedEPS": 2.67,
        "ebit": 2440,
        "gainLossOnDispositionOfAssets": 14,
        "grossIncome": 4598,
        "interestExpense": 295,
        "interestIncomeExpense": -266,
        "netIncome": 1711,
        "netIncomeAfterTaxes": 1711,
        "otherOperatingExpensesTotal": 302,
        "period": "2021-12-31",
        "pretaxIncome": 2228,
        "provisionforIncomeTaxes": 517,
        "revenue": 5733,
        "sgaExpense": 1300,
        "totalOperatingExpense": 2158,
        "totalOtherIncomeExpenseNet": 40
      },
      {
        "costOfGoodsSold": 1054,
        "depreciationAmortization": 553,
        "dilutedAverageSharesOutstanding": 650.3,
        "dilutedEPS": 2.57,
        "ebit": 2432,
        "gainLossOnDispositionOfAssets": 12,
        "grossIncome": 4512,
        "interestExpense": 290,
        "interestIncomeExpense": -300,
        "netIncome": 1673,
        "netIncomeAfterTaxes": 1673,
        "otherOperatingExpensesTotal": 270,
        "period": "2021-09-30",
        "pretaxIncome": 2180,
        "provisionforIncomeTaxes": 507,
        "revenue": 5566,
        "sgaExpense": 1257,
        "totalOperatingExpense": 2080,
        "totalOtherIncomeExpenseNet": 36
      },
      {
        "costOfGoodsSold": 975,
        "depreciationAmortization": 550,
        "dilutedAverageSharesOutstanding": 660.1,
        "dilutedEPS": 2.72,
        "ebit": 2473,
        "gainLossOnDispositionOfAssets": 63,
        "grossIncome": 4529,
        "interestExpense": 282,
        "interestIncomeExpense": -261,
        "netIncome": 1798,
        "netIncomeAfterTaxes": 1798,
        "otherOperatingExpensesTotal": 284,
        "period": "2021-06-30",
        "pretaxIncome": 2316,
        "provisionforIncomeTaxes": 518,
        "revenue": 5504,
        "sgaExpense": 1222,
        "totalOperatingExpense": 2056,
        "totalOtherIncomeExpenseNet": 41
      },
      {
        "costOfGoodsSold": 901,
        "depreciationAmortization": 549,
        "dilutedAverageSharesOutstanding": 669.2,
        "dilutedEPS": 2,
        "ebit": 1993,
        "gainLossOnDispositionOfAssets": 9,
        "grossIncome": 4100,
        "interestExpense": 290,
        "interestIncomeExpense": -289,
        "netIncome": 1341,
        "netIncomeAfterTaxes": 1341,
        "otherOperatingExpensesTotal": 320,
        "period": "2021-03-31",
        "pretaxIncome": 1754,
        "provisionforIncomeTaxes": 413,
        "revenue": 5001,
        "sgaExpense": 1238,
        "totalOperatingExpense": 2107,
        "totalOtherIncomeExpenseNet": 41
      },
      {
        "costOfGoodsSold": 784,
        "depreciationAmortization": 557,
        "dilutedAverageSharesOutstanding": 674.3,
        "dilutedEPS": 2.05,
        "ebit": 2006,
        "gainLossOnDispositionOfAssets": 18,
        "grossIncome": 4357,
        "interestExpense": 279,
        "interestIncomeExpense": -278,
        "netIncome": 1380,
        "netIncomeAfterTaxes": 1380,
        "nonRecurringItems": 0,
        "otherOperatingExpensesTotal": 513,
        "period": "2020-12-31",
        "pretaxIncome": 1793,
        "provisionforIncomeTaxes": 413,
        "revenue": 5141,
        "sgaExpense": 1281,
        "totalOperatingExpense": 2351,
        "totalOtherIncomeExpenseNet": 47
      },
      {
        "costOfGoodsSold": 809,
        "depreciationAmortization": 555,
        "dilutedAverageSharesOutstanding": 676.8,
        "dilutedEPS": 2.01,
        "ebit": 2031,
        "gainLossOnDispositionOfAssets": 3,
        "grossIncome": 4110,
        "interestExpense": 295,
        "interestIncomeExpense": -293,
        "netIncome": 1363,
        "netIncomeAfterTaxes": 1363,
        "otherOperatingExpensesTotal": 299,
        "period": "2020-09-30",
        "pretaxIncome": 1773,
        "provisionforIncomeTaxes": 410,
        "revenue": 4919,
        "sgaExpense": 1225,
        "totalOperatingExpense": 2079,
        "totalOtherIncomeExpenseNet": 32
      },
      {
        "costOfGoodsSold": 688,
        "depreciationAmortization": 551,
        "dilutedAverageSharesOutstanding": 679.2,
        "dilutedEPS": 1.67,
        "ebit": 1654,
        "gainLossOnDispositionOfAssets": 83,
        "grossIncome": 3556,
        "interestExpense": 289,
        "interestIncomeExpense": -286,
        "netIncome": 1132,
        "netIncomeAfterTaxes": 1132,
        "otherOperatingExpensesTotal": 235,
        "period": "2020-06-30",
        "pretaxIncome": 1496,
        "provisionforIncomeTaxes": 364,
        "revenue": 4244,
        "sgaExpense": 1116,
        "totalOperatingExpense": 1902,
        "totalOtherIncomeExpenseNet": 45
      },
      {
        "costOfGoodsSold": 955,
        "depreciationAmortization": 547,
        "dilutedAverageSharesOutstanding": 686.2,
        "dilutedEPS": 2.15,
        "ebit": 2143,
        "gainLossOnDispositionOfAssets": 11,
        "grossIncome": 4274,
        "interestExpense": 278,
        "interestIncomeExpense": -272,
        "netIncome": 1474,
        "netIncomeAfterTaxes": 1474,
        "otherOperatingExpensesTotal": 298,
        "period": "2020-03-31",
        "pretaxIncome": 1918,
        "provisionforIncomeTaxes": 444,
        "revenue": 5229,
        "sgaExpense": 1286,
        "totalOperatingExpense": 2131,
        "totalOtherIncomeExpenseNet": 36
      },
      {
        "costOfGoodsSold": 1043,
        "depreciationAmortization": 559,
        "dilutedAverageSharesOutstanding": 695,
        "dilutedEPS": 2.02,
        "ebit": 2100,
        "gainLossOnDispositionOfAssets": 6,
        "grossIncome": 4169,
        "interestExpense": 278,
        "interestIncomeExpense": -271,
        "netIncome": 1403,
        "netIncomeAfterTaxes": 1403,
        "nonRecurringItems": -2,
        "otherOperatingExpensesTotal": 231,
        "period": "2019-12-31",
        "pretaxIncome": 1878,
        "provisionforIncomeTaxes": 475,
        "revenue": 5212,
        "sgaExpense": 1279,
        "totalOperatingExpense": 2069,
        "totalOtherIncomeExpenseNet": 45
      },
      {
        "costOfGoodsSold": 1078,
        "depreciationAmortization": 557,
        "dilutedAverageSharesOutstanding": 701.9,
        "dilutedEPS": 2.22,
        "ebit": 2234,
        "gainLossOnDispositionOfAssets": 4,
        "grossIncome": 4438,
        "interestExpense": 266,
        "interestIncomeExpense": -256,
        "netIncome": 1555,
        "netIncomeAfterTaxes": 1555,
        "nonRecurringItems": 0,
        "otherOperatingExpensesTotal": 277,
        "period": "2019-09-30",
        "pretaxIncome": 2021,
        "provisionforIncomeTaxes": 466,
        "revenue": 5516,
        "sgaExpense": 1370,
        "totalOperatingExpense": 2204,
        "totalOtherIncomeExpenseNet": 39
      },
      {
        "costOfGoodsSold": 1133,
        "depreciationAmortization": 551,
        "dilutedAverageSharesOutstanding": 708,
        "dilutedEPS": 2.22,
        "ebit": 2260,
        "gainLossOnDispositionOfAssets": 6,
        "grossIncome": 4463,
        "interestExpense": 259,
        "interestIncomeExpense": -253,
        "netIncome": 1570,
        "netIncomeAfterTaxes": 1570,
        "nonRecurringItems": 0,
        "otherOperatingExpensesTotal": 247,
        "period": "2019-06-30",
        "pretaxIncome": 2058,
        "provisionforIncomeTaxes": 488,
        "revenue": 5596,
        "sgaExpense": 1405,
        "totalOperatingExpense": 2203,
        "totalOtherIncomeExpenseNet": 45
      },
      {
        "costOfGoodsSold": 1107,
        "depreciationAmortization": 549,
        "dilutedAverageSharesOutstanding": 719.5,
        "dilutedEPS": 1.93,
        "ebit": 1960,
        "gainLossOnDispositionOfAssets": 4,
        "grossIncome": 4277,
        "interestExpense": 247,
        "interestIncomeExpense": -238,
        "netIncome": 1391,
        "netIncomeAfterTaxes": 1391,
        "nonRecurringItems": 0,
        "otherOperatingExpensesTotal": 305,
        "period": "2019-03-31",
        "pretaxIncome": 1790,
        "provisionforIncomeTaxes": 399,
        "revenue": 5384,
        "sgaExpense": 1463,
        "totalOperatingExpense": 2317,
        "totalOtherIncomeExpenseNet": 64
      },
      {
        "costOfGoodsSold": 1222,
        "depreciationAmortization": 555,
        "dilutedAverageSharesOutstanding": 733,
        "dilutedEPS": 2.12,
        "ebit": 2210,
        "gainLossOnDispositionOfAssets": 11,
        "grossIncome": 4535,
        "interestExpense": 240,
        "interestIncomeExpense": -229,
        "netIncome": 1554,
        "netIncomeAfterTaxes": 1554,
        "nonRecurringItems": 0,
        "otherOperatingExpensesTotal": 221,
        "period": "2018-12-31",
        "pretaxIncome": 2016,
        "provisionforIncomeTaxes": 462,
        "revenue": 5757,
        "sgaExpense": 1549,
        "totalOperatingExpense": 2325,
        "totalOtherIncomeExpenseNet": 24
      },
      {
        "costOfGoodsSold": 1291,
        "depreciationAmortization": 547,
        "dilutedAverageSharesOutstanding": 740.9,
        "dilutedEPS": 2.15,
        "ebit": 2269,
        "gainLossOnDispositionOfAssets": 6,
        "grossIncome": 4637,
        "interestExpense": 241,
        "interestIncomeExpense": -231,
        "netIncome": 1593,
        "netIncomeAfterTaxes": 1593,
        "nonRecurringItems": 0,
        "otherOperatingExpensesTotal": 287,
        "period": "2018-09-30",
        "pretaxIncome": 2076,
        "provisionforIncomeTaxes": 483,
        "revenue": 5928,
        "sgaExpense": 1534,
        "totalOperatingExpense": 2368,
        "totalOtherIncomeExpenseNet": 32
      },
      {
        "costOfGoodsSold": 1273,
        "depreciationAmortization": 546,
        "dilutedAverageSharesOutstanding": 763.7,
        "dilutedEPS": 1.98,
        "ebit": 2099,
        "gainLossOnDispositionOfAssets": 7,
        "grossIncome": 4399,
        "interestExpense": 203,
        "interestIncomeExpense": -198,
        "netIncome": 1509,
        "netIncomeAfterTaxes": 1509,
        "nonRecurringItems": 0,
        "otherOperatingExpensesTotal": 248,
        "period": "2018-06-30",
        "pretaxIncome": 1938,
        "provisionforIncomeTaxes": 429,
        "revenue": 5672,
        "sgaExpense": 1506,
        "totalOperatingExpense": 2300,
        "totalOtherIncomeExpenseNet": 30
      },
      {
        "costOfGoodsSold": 1188,
        "depreciationAmortization": 543,
        "dilutedAverageSharesOutstanding": 779.6,
        "dilutedEPS": 1.68,
        "ebit": 1939,
        "gainLossOnDispositionOfAssets": 6,
        "grossIncome": 4287,
        "interestExpense": 186,
        "interestIncomeExpense": -182,
        "netIncome": 1310,
        "netIncomeAfterTaxes": 1310,
        "nonRecurringItems": -85,
        "otherOperatingExpensesTotal": 266,
        "period": "2018-03-31",
        "pretaxIncome": 1711,
        "provisionforIncomeTaxes": 401,
        "revenue": 5475,
        "sgaExpense": 1539,
        "totalOperatingExpense": 2348,
        "totalOtherIncomeExpenseNet": 33
      },
      {
        "costOfGoodsSold": 1132,
        "depreciationAmortization": 532,
        "dilutedAverageSharesOutstanding": 787.3,
        "dilutedEPS": 9.24,
        "ebit": 2035,
        "gainLossOnDispositionOfAssets": 3,
        "grossIncome": 4318,
        "interestExpense": 188,
        "interestIncomeExpense": 30,
        "netIncome": 7278,
        "netIncomeAfterTaxes": 1416,
        "nonRecurringItems": 0,
        "otherOperatingExpensesTotal": 239,
        "period": "2017-12-31",
        "pretaxIncome": 2092,
        "provisionforIncomeTaxes": 676,
        "revenue": 5450,
        "sgaExpense": 1512,
        "totalOperatingExpense": 2283,
        "totalOtherIncomeExpenseNet": 24
      },
      {
        "costOfGoodsSold": 1065,
        "depreciationAmortization": 528,
        "dilutedAverageSharesOutstanding": 797.6,
        "dilutedEPS": 1.5,
        "ebit": 2073,
        "gainLossOnDispositionOfAssets": 63,
        "grossIncome": 4343,
        "interestExpense": 180,
        "interestIncomeExpense": -176,
        "netIncome": 1194,
        "netIncomeAfterTaxes": 1194,
        "nonRecurringItems": 65,
        "otherOperatingExpensesTotal": 230,
        "period": "2017-09-30",
        "pretaxIncome": 1983,
        "provisionforIncomeTaxes": 789,
        "revenue": 5408,
        "sgaExpense": 1512,
        "totalOperatingExpense": 2270,
        "totalOtherIncomeExpenseNet": -42
      },
      {
        "costOfGoodsSold": 1031,
        "depreciationAmortization": 525,
        "dilutedAverageSharesOutstanding": 807.2,
        "dilutedEPS": 1.45,
        "ebit": 1998,
        "gainLossOnDispositionOfAssets": 11,
        "grossIncome": 4219,
        "interestExpense": 179,
        "interestIncomeExpense": -175,
        "netIncome": 1168,
        "netIncomeAfterTaxes": 1168,
        "nonRecurringItems": 0,
        "otherOperatingExpensesTotal": 219,
        "period": "2017-06-30",
        "pretaxIncome": 1869,
        "provisionforIncomeTaxes": 701,
        "revenue": 5250,
        "sgaExpense": 1477,
        "totalOperatingExpense": 2221,
        "totalOtherIncomeExpenseNet": 35
      },
      {
        "costOfGoodsSold": 1026,
        "depreciationAmortization": 520,
        "dilutedAverageSharesOutstanding": 814.8,
        "dilutedEPS": 1.32,
        "ebit": 1788,
        "gainLossOnDispositionOfAssets": 34,
        "grossIncome": 4106,
        "interestExpense": 172,
        "interestIncomeExpense": -170,
        "netIncome": 1072,
        "netIncomeAfterTaxes": 1072,
        "nonRecurringItems": 0,
        "otherOperatingExpensesTotal": 260,
        "period": "2017-03-31",
        "pretaxIncome": 1688,
        "provisionforIncomeTaxes": 616,
        "revenue": 5132,
        "sgaExpense": 1538,
        "totalOperatingExpense": 2318,
        "totalOtherIncomeExpenseNet": 36
      },
      {
        "costOfGoodsSold": 984,
        "depreciationAmortization": 520,
        "dilutedAverageSharesOutstanding": 822.8,
        "dilutedEPS": 1.39,
        "ebit": 1936,
        "gainLossOnDispositionOfAssets": 3,
        "grossIncome": 4184,
        "interestExpense": 174,
        "interestIncomeExpense": -171,
        "netIncome": 1144,
        "netIncomeAfterTaxes": 1144,
        "nonRecurringItems": 0,
        "otherOperatingExpensesTotal": 233,
        "period": "2016-12-31",
        "pretaxIncome": 1831,
        "provisionforIncomeTaxes": 687,
        "revenue": 5168,
        "sgaExpense": 1495,
        "totalOperatingExpense": 2248,
        "totalOtherIncomeExpenseNet": 63
      },
      {
        "costOfGoodsSold": 958,
        "depreciationAmortization": 512,
        "dilutedAverageSharesOutstanding": 832.2,
        "dilutedEPS": 1.36,
        "ebit": 1960,
        "gainLossOnDispositionOfAssets": 3,
        "grossIncome": 4216,
        "interestExpense": 184,
        "interestIncomeExpense": -181,
        "netIncome": 1131,
        "netIncomeAfterTaxes": 1131,
        "otherOperatingExpensesTotal": 271,
        "period": "2016-09-30",
        "pretaxIncome": 1805,
        "provisionforIncomeTaxes": 674,
        "revenue": 5174,
        "sgaExpense": 1473,
        "totalOperatingExpense": 2256,
        "totalOtherIncomeExpenseNet": 23
      },
      {
        "costOfGoodsSold": 916,
        "depreciationAmortization": 504,
        "dilutedAverageSharesOutstanding": 840.1,
        "dilutedEPS": 1.17,
        "ebit": 1660,
        "gainLossOnDispositionOfAssets": 63,
        "grossIncome": 3854,
        "interestExpense": 173,
        "interestIncomeExpense": -170,
        "netIncome": 979,
        "netIncomeAfterTaxes": 979,
        "otherOperatingExpensesTotal": 244,
        "period": "2016-06-30",
        "pretaxIncome": 1564,
        "provisionforIncomeTaxes": 585,
        "revenue": 4770,
        "sgaExpense": 1446,
        "totalOperatingExpense": 2194,
        "totalOtherIncomeExpenseNet": 11
      },
      {
        "costOfGoodsSold": 889,
        "depreciationAmortization": 502,
        "dilutedAverageSharesOutstanding": 846.7,
        "dilutedEPS": 1.16,
        "ebit": 1687,
        "gainLossOnDispositionOfAssets": 25,
        "grossIncome": 3940,
        "interestExpense": 167,
        "interestIncomeExpense": -165,
        "netIncome": 979,
        "netIncomeAfterTaxes": 979,
        "otherOperatingExpensesTotal": 249,
        "period": "2016-03-31",
        "pretaxIncome": 1566,
        "provisionforIncomeTaxes": 587,
        "revenue": 4829,
        "sgaExpense": 1502,
        "totalOperatingExpense": 2253,
        "totalOtherIncomeExpenseNet": 19
      },
      {
        "costOfGoodsSold": 1013,
        "depreciationAmortization": 517,
        "dilutedAverageSharesOutstanding": 853.8,
        "dilutedEPS": 1.31,
        "ebit": 1918,
        "gainLossOnDispositionOfAssets": 6,
        "grossIncome": 4195,
        "interestExpense": 164,
        "interestIncomeExpense": -163,
        "netIncome": 1117,
        "netIncomeAfterTaxes": 1117,
        "otherOperatingExpensesTotal": 235,
        "period": "2015-12-31",
        "pretaxIncome": 1782,
        "provisionforIncomeTaxes": 665,
        "revenue": 5208,
        "sgaExpense": 1525,
        "totalOperatingExpense": 2277,
        "totalOtherIncomeExpenseNet": 21
      },
      {
        "costOfGoodsSold": 1073,
        "depreciationAmortization": 507,
        "dilutedAverageSharesOutstanding": 865.8,
        "dilutedEPS": 1.5,
        "ebit": 2208,
        "gainLossOnDispositionOfAssets": 10,
        "grossIncome": 4489,
        "interestExpense": 157,
        "interestIncomeExpense": -155,
        "netIncome": 1300,
        "netIncomeAfterTaxes": 1300,
        "otherOperatingExpensesTotal": 205,
        "period": "2015-09-30",
        "pretaxIncome": 2081,
        "provisionforIncomeTaxes": 781,
        "revenue": 5562,
        "sgaExpense": 1569,
        "totalOperatingExpense": 2281,
        "totalOtherIncomeExpenseNet": 18
      }
    ],
    "symbol": "UNP"
  }
}