{
  "symbol": "MTD",
  "statement": "ic",
  "frequency": "annual",
  "timestamp": "2025-09-19T14:03:56.383776",
  "data": {
    "financials": [
      {
        "costOfGoodsSold": 1546.778,
        "depreciationAmortization": 72.869,
        "dilutedAverageSharesOutstanding": 21.3206,
        "dilutedEPS": 40.4838,
        "ebit": 1131.925,
        "grossIncome": 2325.583,
        "interestExpense": 74.631,
        "interestIncomeExpense": -74.631,
        "netIncome": 863.14,
        "netIncomeAfterTaxes": 863.14,
        "nonRecurringItems": -20.071,
        "otherOperatingExpensesTotal": -4.871,
        "period": "2024-12-31",
        "pretaxIncome": 1037.223,
        "provisionforIncomeTaxes": 174.083,
        "researchDevelopment": 189.357,
        "revenue": 3872.361,
        "sgaExpense": 936.303,
        "totalOperatingExpense": 1193.658,
        "year": 2024
      },
      {
        "costOfGoodsSold": 1547.023,
        "depreciationAmortization": 72.213,
        "dilutedAverageSharesOutstanding": 21.9715,
        "dilutedEPS": 35.9,
        "ebit": 1083.829,
        "grossIncome": 2241.286,
        "interestExpense": 77.366,
        "interestIncomeExpense": -77.366,
        "netIncome": 788.778,
        "netIncomeAfterTaxes": 788.778,
        "nonRecurringItems": -32.735,
        "otherOperatingExpensesTotal": -4.146,
        "period": "2023-12-31",
        "pretaxIncome": 973.728,
        "provisionforIncomeTaxes": 184.95,
        "researchDevelopment": 185.284,
        "revenue": 3788.309,
        "sgaExpense": 904.106,
        "totalOperatingExpense": 1157.457,
        "year": 2023
      },
      {
        "costOfGoodsSold": 1611.7,
        "depreciationAmortization": 66.2,
        "dilutedAverageSharesOutstanding": 22.7,
        "dilutedEPS": 38.43,
        "ebit": 1136.5,
        "grossIncome": 2308,
        "interestExpense": 55.392,
        "interestIncomeExpense": -55.4,
        "netIncome": 872.5,
        "netIncomeAfterTaxes": 872.5,
        "nonRecurringItems": -10.5,
        "otherOperatingExpensesTotal": -10.2,
        "period": "2022-12-31",
        "pretaxIncome": 1070.6,
        "provisionforIncomeTaxes": 198.1,
        "researchDevelopment": 177.1,
        "revenue": 3919.7,
        "sgaExpense": 938.5,
        "totalOperatingExpense": 1171.5,
        "year": 2022
      },
      {
        "costOfGoodsSold": 1546.4,
        "depreciationAmortization": 63.1,
        "dilutedAverageSharesOutstanding": 23.5,
        "dilutedEPS": 32.72,
        "ebit": 1001.2,
        "grossIncome": 2171.6,
        "interestExpense": 43.242,
        "interestIncomeExpense": -43.2,
        "netIncome": 769,
        "netIncomeAfterTaxes": 769,
        "nonRecurringItems": -8.6,
        "otherOperatingExpensesTotal": -6.5,
        "period": "2021-12-31",
        "pretaxIncome": 949.4,
        "provisionforIncomeTaxes": 180.4,
        "researchDevelopment": 169.8,
        "revenue": 3717.9,
        "sgaExpense": 944,
        "totalOperatingExpense": 1170.4,
        "year": 2021
      },
      {
        "costOfGoodsSold": 1284.1,
        "depreciationAmortization": 56.7,
        "dilutedAverageSharesOutstanding": 24.2,
        "dilutedEPS": 24.91,
        "ebit": 797.8,
        "grossIncome": 1801,
        "interestExpense": 38.616,
        "interestIncomeExpense": -38.6,
        "netIncome": 602.7,
        "netIncomeAfterTaxes": 602.7,
        "nonRecurringItems": -10.5,
        "otherOperatingExpensesTotal": -13.8,
        "period": "2020-12-31",
        "pretaxIncome": 748.7,
        "provisionforIncomeTaxes": 146,
        "researchDevelopment": 140.1,
        "revenue": 3085.2,
        "sgaExpense": 820.2,
        "totalOperatingExpense": 1003.2,
        "year": 2020
      },
      {
        "costOfGoodsSold": 1267.4,
        "depreciationAmortization": 49.7,
        "dilutedAverageSharesOutstanding": 25,
        "dilutedEPS": 22.44,
        "ebit": 738.3,
        "grossIncome": 1741.2,
        "interestExpense": 37.411,
        "interestIncomeExpense": -41.1,
        "netIncome": 561.1,
        "netIncomeAfterTaxes": 561.1,
        "nonRecurringItems": -15.8,
        "otherOperatingExpensesTotal": -9.9,
        "period": "2019-12-31",
        "pretaxIncome": 681.4,
        "provisionforIncomeTaxes": 120.3,
        "researchDevelopment": 144,
        "revenue": 3008.7,
        "sgaExpense": 819.2,
        "totalOperatingExpense": 1003,
        "year": 2019
      },
      {
        "costOfGoodsSold": 1251.2,
        "depreciationAmortization": 47.5,
        "dilutedAverageSharesOutstanding": 25.8,
        "dilutedEPS": 19.86,
        "ebit": 690.3,
        "grossIncome": 1684.4,
        "interestExpense": 34.511,
        "interestIncomeExpense": -35.7,
        "netIncome": 512.6,
        "netIncomeAfterTaxes": 516.2,
        "nonRecurringItems": -2.7,
        "otherOperatingExpensesTotal": -7.3,
        "period": "2018-12-31",
        "pretaxIncome": 651.9,
        "provisionforIncomeTaxes": 135.7,
        "researchDevelopment": 141.1,
        "revenue": 2935.6,
        "sgaExpense": 812.8,
        "totalOperatingExpense": 994.1,
        "year": 2018
      },
      {
        "costOfGoodsSold": 1149.3,
        "depreciationAmortization": 42.7,
        "dilutedAverageSharesOutstanding": 26.4,
        "dilutedEPS": 14.24,
        "ebit": 627.5,
        "grossIncome": 1575.8,
        "interestExpense": 32.785,
        "interestIncomeExpense": -42.2,
        "netIncome": 376,
        "netIncomeAfterTaxes": 448,
        "nonRecurringItems": -11.1,
        "otherOperatingExpensesTotal": -17.6,
        "period": "2017-12-31",
        "pretaxIncome": 574.2,
        "provisionforIncomeTaxes": 126.3,
        "researchDevelopment": 128.3,
        "revenue": 2725.1,
        "sgaExpense": 794.9,
        "totalOperatingExpense": 948.2,
        "year": 2017
      },
      {
        "costOfGoodsSold": 1070.5,
        "depreciationAmortization": 36.1,
        "dilutedAverageSharesOutstanding": 27,
        "dilutedEPS": 14.22,
        "ebit": 547.7,
        "grossIncome": 1437.7,
        "interestExpense": 28.026,
        "interestIncomeExpense": -28,
        "netIncome": 384.4,
        "netIncomeAfterTaxes": 384.4,
        "nonRecurringItems": -15.5,
        "otherOperatingExpensesTotal": -10.6,
        "period": "2016-12-31",
        "pretaxIncome": 504.2,
        "provisionforIncomeTaxes": 119.8,
        "researchDevelopment": 119.2,
        "revenue": 2508.3,
        "sgaExpense": 745.4,
        "totalOperatingExpense": 890.1,
        "year": 2016
      },
      {
        "costOfGoodsSold": 1043.5,
        "depreciationAmortization": 31,
        "dilutedAverageSharesOutstanding": 28.3,
        "dilutedEPS": 12.48,
        "ebit": 507.3,
        "grossIncome": 1352,
        "interestExpense": 27.451,
        "interestIncomeExpense": -32.8,
        "netIncome": 352.8,
        "netIncomeAfterTaxes": 352.8,
        "nonRecurringItems": -11.1,
        "otherOperatingExpensesTotal": -6.2,
        "period": "2015-12-31",
        "pretaxIncome": 463.4,
        "provisionforIncomeTaxes": 110.6,
        "researchDevelopment": 119.1,
        "revenue": 2395.4,
        "sgaExpense": 700.8,
        "totalOperatingExpense": 844.6,
        "year": 2015
      }
    ],
    "symbol": "MTD"
  }
}