{
  "symbol": "CSGP",
  "statement": "ic",
  "frequency": "annual",
  "timestamp": "2025-09-19T13:58:36.519522",
  "data": {
    "financials": [
      {
        "costOfGoodsSold": 558.5,
        "depreciationAmortization": 44.3,
        "dilutedAverageSharesOutstanding": 407.8,
        "dilutedEPS": 0.3401,
        "ebit": 4.7,
        "grossIncome": 2177.7,
        "interestExpense": 24.5,
        "interestIncomeExpense": 216.1,
        "netIncome": 138.7,
        "netIncomeAfterTaxes": 138.7,
        "period": "2024-12-31",
        "pretaxIncome": 210.1,
        "provisionforIncomeTaxes": 71.4,
        "researchDevelopment": 316.8,
        "revenue": 2736.2,
        "sgaExpense": 1811.9,
        "totalOperatingExpense": 2173,
        "totalOtherIncomeExpenseNet": -10.7,
        "year": 2024
      },
      {
        "costOfGoodsSold": 491.5,
        "depreciationAmortization": 42.2,
        "dilutedAverageSharesOutstanding": 406.9,
        "dilutedEPS": 0.9209,
        "ebit": 282.3,
        "grossIncome": 1963.5,
        "interestExpense": 28.8,
        "interestIncomeExpense": 219.2,
        "netIncome": 374.7,
        "netIncomeAfterTaxes": 374.7,
        "period": "2023-12-31",
        "pretaxIncome": 501.3,
        "provisionforIncomeTaxes": 126.6,
        "researchDevelopment": 261.3,
        "revenue": 2455,
        "sgaExpense": 1377.7,
        "totalOperatingExpense": 1681.2,
        "totalOtherIncomeExpenseNet": -0.2,
        "year": 2023
      },
      {
        "costOfGoodsSold": 414,
        "depreciationAmortization": 73.6,
        "dilutedAverageSharesOutstanding": 397.8,
        "dilutedEPS": 0.93,
        "ebit": 450.9,
        "grossIncome": 1768.4,
        "interestExpense": 30.365,
        "interestIncomeExpense": 35.5,
        "netIncome": 369.5,
        "netIncomeAfterTaxes": 369.5,
        "period": "2022-12-31",
        "pretaxIncome": 486.5,
        "provisionforIncomeTaxes": 117,
        "researchDevelopment": 213.7,
        "revenue": 2182.4,
        "sgaExpense": 1030.2,
        "totalOperatingExpense": 1317.5,
        "totalOtherIncomeExpenseNet": 0,
        "year": 2022
      },
      {
        "costOfGoodsSold": 357.2,
        "depreciationAmortization": 74.8,
        "dilutedAverageSharesOutstanding": 394.2,
        "dilutedEPS": 0.74,
        "ebit": 432.3,
        "grossIncome": 1586.9,
        "interestExpense": 30.327,
        "interestIncomeExpense": -29.6,
        "netIncome": 292.6,
        "netIncomeAfterTaxes": 292.6,
        "period": "2021-12-31",
        "pretaxIncome": 404,
        "provisionforIncomeTaxes": 111.4,
        "researchDevelopment": 194.1,
        "revenue": 1944.1,
        "sgaExpense": 885.7,
        "totalOperatingExpense": 1154.6,
        "totalOtherIncomeExpenseNet": 1.3,
        "year": 2021
      },
      {
        "costOfGoodsSold": 309,
        "depreciationAmortization": 62.5,
        "dilutedAverageSharesOutstanding": 383.3,
        "dilutedEPS": 0.59,
        "ebit": 289.2,
        "grossIncome": 1350.1,
        "interestExpense": 20.167,
        "interestIncomeExpense": -15.8,
        "netIncome": 227.1,
        "netIncomeAfterTaxes": 227.1,
        "period": "2020-12-31",
        "pretaxIncome": 271,
        "provisionforIncomeTaxes": 43.9,
        "researchDevelopment": 156.9,
        "revenue": 1659,
        "sgaExpense": 841.5,
        "totalOperatingExpense": 1060.8,
        "totalOtherIncomeExpenseNet": -2.5,
        "year": 2020
      },
      {
        "costOfGoodsSold": 289.2,
        "depreciationAmortization": 34,
        "dilutedAverageSharesOutstanding": 366.3,
        "dilutedEPS": 0.86,
        "ebit": 363.5,
        "grossIncome": 1110.5,
        "interestExpense": 0.9,
        "interestIncomeExpense": 18.1,
        "netIncome": 315,
        "netIncomeAfterTaxes": 315,
        "nonRecurringItems": 11,
        "period": "2019-12-31",
        "pretaxIncome": 390.9,
        "provisionforIncomeTaxes": 76,
        "researchDevelopment": 121.4,
        "revenue": 1399.7,
        "sgaExpense": 591.5,
        "totalOperatingExpense": 747,
        "totalOtherIncomeExpenseNet": -1.7,
        "year": 2019
      },
      {
        "costOfGoodsSold": 269.9,
        "depreciationAmortization": 30.9,
        "dilutedAverageSharesOutstanding": 364.5,
        "dilutedEPS": 0.65,
        "ebit": 273.6,
        "grossIncome": 921.9,
        "interestExpense": 1,
        "interestIncomeExpense": 12.3,
        "netIncome": 238.3,
        "netIncomeAfterTaxes": 238.3,
        "nonRecurringItems": 0,
        "period": "2018-12-31",
        "pretaxIncome": 284,
        "provisionforIncomeTaxes": 45.7,
        "researchDevelopment": 100.9,
        "revenue": 1191.8,
        "sgaExpense": 516.5,
        "totalOperatingExpense": 648.4,
        "totalOtherIncomeExpenseNet": -1.8,
        "year": 2018
      },
      {
        "costOfGoodsSold": 220.4,
        "depreciationAmortization": 17.7,
        "dilutedAverageSharesOutstanding": 335.6,
        "dilutedEPS": 0.36,
        "ebit": 173.8,
        "grossIncome": 744.8,
        "interestExpense": 2,
        "interestIncomeExpense": 2,
        "netIncome": 122.7,
        "netIncomeAfterTaxes": 115.7,
        "nonRecurringItems": -3.8,
        "period": "2017-12-31",
        "pretaxIncome": 165.1,
        "provisionforIncomeTaxes": 49.4,
        "researchDevelopment": 88.9,
        "revenue": 965.2,
        "sgaExpense": 464.5,
        "totalOperatingExpense": 571,
        "totalOtherIncomeExpenseNet": -7,
        "year": 2017
      },
      {
        "costOfGoodsSold": 173.8,
        "depreciationAmortization": 22.7,
        "dilutedAverageSharesOutstanding": 324.4,
        "dilutedEPS": 0.26,
        "ebit": 144.9,
        "grossIncome": 663.8,
        "interestExpense": 3,
        "interestIncomeExpense": -1.2,
        "netIncome": 85.1,
        "netIncomeAfterTaxes": 85.1,
        "period": "2016-12-31",
        "pretaxIncome": 136.7,
        "provisionforIncomeTaxes": 51.6,
        "researchDevelopment": 76.4,
        "revenue": 837.6,
        "sgaExpense": 419.8,
        "totalOperatingExpense": 518.9,
        "totalOtherIncomeExpenseNet": -7,
        "year": 2016
      },
      {
        "costOfGoodsSold": 188.9,
        "depreciationAmortization": 27.9,
        "dilutedAverageSharesOutstanding": 319.5,
        "dilutedEPS": -0.01,
        "ebit": 11.5,
        "grossIncome": 522.9,
        "interestExpense": 3,
        "interestIncomeExpense": -2.5,
        "netIncome": -3.5,
        "netIncomeAfterTaxes": -3.5,
        "period": "2015-12-31",
        "pretaxIncome": 2.6,
        "provisionforIncomeTaxes": 6,
        "researchDevelopment": 65.8,
        "revenue": 711.8,
        "sgaExpense": 417.7,
        "totalOperatingExpense": 511.4,
        "totalOtherIncomeExpenseNet": -6.4,
        "year": 2015
      }
    ],
    "symbol": "CSGP"
  }
}