{
  "symbol": "DVA",
  "statement": "ic",
  "frequency": "quarterly",
  "timestamp": "2025-09-19T13:58:55.104739",
  "data": {
    "financials": [
      {
        "costOfGoodsSold": 2261.54,
        "depreciationAmortization": 174.704,
        "dilutedAverageSharesOutstanding": 77.362,
        "dilutedEPS": 2.5767,
        "ebit": 530.477,
        "grossIncome": 1117.986,
        "interestExpense": 146.062,
        "interestIncomeExpense": -138.698,
        "minorityInterest": -75.883,
        "netIncome": 199.337,
        "netIncomeAfterTaxes": 275.22,
        "nonRecurringItems": 0,
        "period": "2025-06-30",
        "pretaxIncome": 368.928,
        "provisionforIncomeTaxes": 93.708,
        "revenue": 3379.526,
        "sgaExpense": 412.805,
        "totalOperatingExpense": 587.509,
        "totalOtherIncomeExpenseNet": -22.851
      },
      {
        "costOfGoodsSold": 2239.66,
        "depreciationAmortization": 176.451,
        "dilutedAverageSharesOutstanding": 81.275,
        "dilutedEPS": 2.0045,
        "ebit": 433.328,
        "grossIncome": 983.869,
        "interestExpense": 135.055,
        "interestIncomeExpense": -129.446,
        "minorityInterest": -69.299,
        "netIncome": 162.917,
        "netIncomeAfterTaxes": 232.216,
        "nonRecurringItems": 0,
        "period": "2025-03-31",
        "pretaxIncome": 286.333,
        "provisionforIncomeTaxes": 54.117,
        "revenue": 3223.529,
        "sgaExpense": 374.09,
        "totalOperatingExpense": 550.541,
        "totalOtherIncomeExpenseNet": -17.549
      },
      {
        "costOfGoodsSold": 2225.371,
        "depreciationAmortization": 174.102,
        "dilutedAverageSharesOutstanding": 83.83,
        "dilutedEPS": 3.0935,
        "ebit": 480.728,
        "grossIncome": 1069.312,
        "interestExpense": 138.721,
        "interestIncomeExpense": -128.406,
        "minorityInterest": -89.916,
        "netIncome": 259.329,
        "netIncomeAfterTaxes": 349.245,
        "nonRecurringItems": 74.319,
        "period": "2024-12-31",
        "pretaxIncome": 413.733,
        "provisionforIncomeTaxes": 64.488,
        "revenue": 3294.683,
        "sgaExpense": 414.482,
        "totalOperatingExpense": 588.584,
        "totalOtherIncomeExpenseNet": -12.908
      },
      {
        "costOfGoodsSold": 2151.875,
        "depreciationAmortization": 187.014,
        "dilutedAverageSharesOutstanding": 85.795,
        "dilutedEPS": 2.5023,
        "ebit": 531.167,
        "grossIncome": 1111.715,
        "interestExpense": 134.583,
        "interestIncomeExpense": -130.872,
        "minorityInterest": -81.072,
        "netIncome": 214.688,
        "netIncomeAfterTaxes": 295.76,
        "nonRecurringItems": -10.081,
        "period": "2024-09-30",
        "pretaxIncome": 373.434,
        "provisionforIncomeTaxes": 77.674,
        "revenue": 3263.59,
        "sgaExpense": 393.534,
        "totalOperatingExpense": 580.548,
        "totalOtherIncomeExpenseNet": -16.78
      },
      {
        "costOfGoodsSold": 2142.299,
        "depreciationAmortization": 175.661,
        "dilutedAverageSharesOutstanding": 88.95,
        "dilutedEPS": 2.5034,
        "ebit": 500.917,
        "grossIncome": 1044.423,
        "interestExpense": 97.747,
        "interestIncomeExpense": -92.266,
        "minorityInterest": -77.076,
        "netIncome": 222.676,
        "netIncomeAfterTaxes": 299.752,
        "nonRecurringItems": -9.732,
        "period": "2024-06-30",
        "pretaxIncome": 371.44,
        "provisionforIncomeTaxes": 71.688,
        "revenue": 3186.722,
        "sgaExpense": 367.845,
        "totalOperatingExpense": 543.506,
        "totalOtherIncomeExpenseNet": -27.479
      },
      {
        "costOfGoodsSold": 2078.976,
        "depreciationAmortization": 187.083,
        "dilutedAverageSharesOutstanding": 90.547,
        "dilutedEPS": 2.6467,
        "ebit": 442.016,
        "grossIncome": 991.579,
        "interestExpense": 99.418,
        "interestIncomeExpense": -92.736,
        "minorityInterest": -66.331,
        "netIncome": 239.649,
        "netIncomeAfterTaxes": 305.98,
        "nonRecurringItems": 35.147,
        "period": "2024-03-31",
        "pretaxIncome": 371.786,
        "provisionforIncomeTaxes": 65.806,
        "revenue": 3070.555,
        "sgaExpense": 362.48,
        "totalOperatingExpense": 549.563,
        "totalOtherIncomeExpenseNet": -12.641
      },
      {
        "costOfGoodsSold": 2138.369,
        "depreciationAmortization": 195.277,
        "dilutedAverageSharesOutstanding": 92.777,
        "dilutedEPS": 1.624,
        "ebit": 410.63,
        "grossIncome": 1007.378,
        "interestExpense": 96.19,
        "interestIncomeExpense": -90.828,
        "minorityInterest": -79.907,
        "netIncome": 150.665,
        "netIncomeAfterTaxes": 230.572,
        "nonRecurringItems": -26.083,
        "period": "2023-12-31",
        "pretaxIncome": 289.067,
        "provisionforIncomeTaxes": 58.495,
        "revenue": 3145.747,
        "sgaExpense": 401.471,
        "totalOperatingExpense": 596.748,
        "totalOtherIncomeExpenseNet": -4.652
      },
      {
        "costOfGoodsSold": 2067.315,
        "depreciationAmortization": 188.423,
        "dilutedAverageSharesOutstanding": 94.041,
        "dilutedEPS": 2.6226,
        "ebit": 488.711,
        "grossIncome": 1054.017,
        "interestExpense": 98.08,
        "interestIncomeExpense": -90.852,
        "minorityInterest": -62.729,
        "netIncome": 246.632,
        "netIncomeAfterTaxes": 309.361,
        "period": "2023-09-30",
        "pretaxIncome": 378.209,
        "provisionforIncomeTaxes": 68.848,
        "revenue": 3121.332,
        "sgaExpense": 376.883,
        "totalOperatingExpense": 565.306,
        "totalOtherIncomeExpenseNet": -19.65
      },
      {
        "costOfGoodsSold": 2055.8,
        "depreciationAmortization": 183.7,
        "dilutedAverageSharesOutstanding": 93.4,
        "dilutedEPS": 1.91,
        "ebit": 396.8,
        "grossIncome": 944.5,
        "interestExpense": 103.507,
        "interestIncomeExpense": -95,
        "minorityInterest": -67.7,
        "netIncome": 178.7,
        "netIncomeAfterTaxes": 246.4,
        "nonRecurringItems": -8,
        "period": "2023-06-30",
        "pretaxIncome": 295.2,
        "provisionforIncomeTaxes": 48.8,
        "revenue": 3000.4,
        "sgaExpense": 364,
        "totalOperatingExpense": 547.7,
        "totalOtherIncomeExpenseNet": 1.4
      },
      {
        "costOfGoodsSold": 2058.2,
        "depreciationAmortization": 178.1,
        "dilutedAverageSharesOutstanding": 92.5,
        "dilutedEPS": 1.25,
        "ebit": 304.8,
        "grossIncome": 814.5,
        "interestExpense": 100.774,
        "interestIncomeExpense": -94,
        "minorityInterest": -55.1,
        "netIncome": 115.5,
        "netIncomeAfterTaxes": 170.7,
        "period": "2023-03-31",
        "pretaxIncome": 214.6,
        "provisionforIncomeTaxes": 44,
        "revenue": 2872.7,
        "sgaExpense": 331.6,
        "totalOperatingExpense": 509.7,
        "totalOtherIncomeExpenseNet": 3.8
      },
      {
        "costOfGoodsSold": 2088.7,
        "depreciationAmortization": 194.1,
        "dilutedAverageSharesOutstanding": 91.9,
        "dilutedEPS": 0.74,
        "ebit": 254.5,
        "grossIncome": 828.2,
        "interestExpense": 100.962,
        "interestIncomeExpense": -99.2,
        "minorityInterest": -58.5,
        "netIncome": 68.1,
        "netIncomeAfterTaxes": 113.2,
        "nonRecurringItems": 0,
        "period": "2022-12-31",
        "pretaxIncome": 147.5,
        "provisionforIncomeTaxes": 34.3,
        "revenue": 2916.9,
        "sgaExpense": 379.7,
        "totalOperatingExpense": 573.7,
        "totalOtherIncomeExpenseNet": -7.8
      },
      {
        "costOfGoodsSold": 2085.6,
        "depreciationAmortization": 194.4,
        "dilutedAverageSharesOutstanding": 93.3,
        "dilutedEPS": 1.13,
        "ebit": 303.3,
        "grossIncome": 863.1,
        "interestExpense": 99.68,
        "interestIncomeExpense": -91.2,
        "minorityInterest": -59.3,
        "netIncome": 105.4,
        "netIncomeAfterTaxes": 164.7,
        "period": "2022-09-30",
        "pretaxIncome": 207.2,
        "provisionforIncomeTaxes": 42.5,
        "revenue": 2948.7,
        "sgaExpense": 365.4,
        "totalOperatingExpense": 559.8,
        "totalOtherIncomeExpenseNet": -4.9
      },
      {
        "costOfGoodsSold": 2016.8,
        "depreciationAmortization": 171.2,
        "dilutedAverageSharesOutstanding": 97.8,
        "dilutedEPS": 2.3,
        "ebit": 423.6,
        "grossIncome": 910,
        "interestExpense": 82.586,
        "interestIncomeExpense": -73.5,
        "minorityInterest": -59.8,
        "netIncome": 224.8,
        "netIncomeAfterTaxes": 284.6,
        "period": "2022-06-30",
        "pretaxIncome": 348.8,
        "provisionforIncomeTaxes": 64.2,
        "revenue": 2926.8,
        "sgaExpense": 315.2,
        "totalOperatingExpense": 486.3,
        "totalOtherIncomeExpenseNet": -1.3
      },
      {
        "costOfGoodsSold": 2018.5,
        "depreciationAmortization": 172.9,
        "dilutedAverageSharesOutstanding": 100.5,
        "dilutedEPS": 1.61,
        "ebit": 331.3,
        "grossIncome": 799,
        "interestExpense": 73.791,
        "interestIncomeExpense": -66.8,
        "minorityInterest": -43.6,
        "netIncome": 162.1,
        "netIncomeAfterTaxes": 205.7,
        "period": "2022-03-31",
        "pretaxIncome": 262.7,
        "provisionforIncomeTaxes": 57,
        "revenue": 2817.6,
        "sgaExpense": 294.8,
        "totalOperatingExpense": 467.7,
        "totalOtherIncomeExpenseNet": -1.8
      },
      {
        "costOfGoodsSold": 2060.2,
        "depreciationAmortization": 174.8,
        "dilutedAverageSharesOutstanding": 104.8,
        "dilutedEPS": 1.79,
        "ebit": 386.2,
        "grossIncome": 883.7,
        "interestExpense": 72.087,
        "interestIncomeExpense": -68.9,
        "minorityInterest": -62,
        "netIncome": 187.5,
        "netIncomeAfterTaxes": 249.4,
        "nonRecurringItems": 0,
        "period": "2021-12-31",
        "pretaxIncome": 314.9,
        "provisionforIncomeTaxes": 65.5,
        "revenue": 2944,
        "sgaExpense": 322.7,
        "totalOperatingExpense": 497.6,
        "totalOtherIncomeExpenseNet": -2.4
      },
      {
        "costOfGoodsSold": 2008.6,
        "depreciationAmortization": 170.5,
        "dilutedAverageSharesOutstanding": 109.8,
        "dilutedEPS": 2.36,
        "ebit": 466.2,
        "grossIncome": 929.7,
        "interestExpense": 72.829,
        "interestIncomeExpense": -64.1,
        "minorityInterest": -60,
        "netIncome": 259.8,
        "netIncomeAfterTaxes": 319.8,
        "nonRecurringItems": 0,
        "period": "2021-09-30",
        "pretaxIncome": 394.5,
        "provisionforIncomeTaxes": 74.7,
        "revenue": 2938.3,
        "sgaExpense": 293.1,
        "totalOperatingExpense": 463.5,
        "totalOtherIncomeExpenseNet": -7.6
      },
      {
        "costOfGoodsSold": 1965.3,
        "depreciationAmortization": 169.7,
        "dilutedAverageSharesOutstanding": 111.4,
        "dilutedEPS": 2.64,
        "ebit": 483.5,
        "grossIncome": 951.2,
        "interestExpense": 73.324,
        "interestIncomeExpense": -66.3,
        "minorityInterest": -57.2,
        "netIncome": 293.8,
        "netIncomeAfterTaxes": 351,
        "nonRecurringItems": 0,
        "period": "2021-06-30",
        "pretaxIncome": 432.3,
        "provisionforIncomeTaxes": 81.3,
        "revenue": 2916.5,
        "sgaExpense": 298.1,
        "totalOperatingExpense": 467.7,
        "totalOtherIncomeExpenseNet": 15.2
      },
      {
        "costOfGoodsSold": 1938.3,
        "depreciationAmortization": 165.7,
        "dilutedAverageSharesOutstanding": 113.9,
        "dilutedEPS": 2.09,
        "ebit": 434.5,
        "grossIncome": 881.7,
        "interestExpense": 67.014,
        "interestIncomeExpense": -58.9,
        "minorityInterest": -54.1,
        "netIncome": 237.4,
        "netIncomeAfterTaxes": 291.5,
        "nonRecurringItems": 0,
        "period": "2021-03-31",
        "pretaxIncome": 376.8,
        "provisionforIncomeTaxes": 85.2,
        "revenue": 2820,
        "sgaExpense": 281.4,
        "totalOperatingExpense": 447.2,
        "totalOtherIncomeExpenseNet": 1.2
      },
      {
        "costOfGoodsSold": 2056.9,
        "depreciationAmortization": 161.5,
        "dilutedAverageSharesOutstanding": 115.7,
        "dilutedEPS": 1.5,
        "ebit": 382.5,
        "grossIncome": 848.4,
        "interestExpense": 60.469,
        "interestIncomeExpense": -61.3,
        "minorityInterest": -60.6,
        "netIncome": 173.8,
        "netIncomeAfterTaxes": 254,
        "nonRecurringItems": 0,
        "period": "2020-12-31",
        "pretaxIncome": 327.4,
        "provisionforIncomeTaxes": 73.4,
        "revenue": 2905.3,
        "sgaExpense": 304.5,
        "totalOperatingExpense": 466,
        "totalOtherIncomeExpenseNet": 6.2
      },
      {
        "costOfGoodsSold": 1971.7,
        "depreciationAmortization": 156.9,
        "dilutedAverageSharesOutstanding": 124,
        "dilutedEPS": 1.28,
        "ebit": 432.2,
        "grossIncome": 952.3,
        "interestExpense": 73.658,
        "interestIncomeExpense": -68.2,
        "minorityInterest": -58.9,
        "netIncome": 158.7,
        "netIncomeAfterTaxes": 217.5,
        "nonRecurringItems": -86.1,
        "period": "2020-09-30",
        "pretaxIncome": 283.3,
        "provisionforIncomeTaxes": 65.8,
        "revenue": 2924.1,
        "sgaExpense": 363.3,
        "totalOperatingExpense": 520.2,
        "totalOtherIncomeExpenseNet": 5.4
      },
      {
        "costOfGoodsSold": 1984.6,
        "depreciationAmortization": 157.4,
        "dilutedAverageSharesOutstanding": 124.1,
        "dilutedEPS": 1.62,
        "ebit": 421.9,
        "grossIncome": 895.4,
        "interestExpense": 81.381,
        "interestIncomeExpense": -77.1,
        "minorityInterest": -53.3,
        "netIncome": 201.6,
        "netIncomeAfterTaxes": 254.9,
        "nonRecurringItems": -16.3,
        "period": "2020-06-30",
        "pretaxIncome": 338.1,
        "provisionforIncomeTaxes": 83.2,
        "revenue": 2880,
        "sgaExpense": 316.2,
        "totalOperatingExpense": 473.5,
        "totalOtherIncomeExpenseNet": 9.5
      },
      {
        "costOfGoodsSold": 1975.4,
        "depreciationAmortization": 154.7,
        "dilutedAverageSharesOutstanding": 126.9,
        "dilutedEPS": 1.88,
        "ebit": 447.5,
        "grossIncome": 865.8,
        "interestExpense": 88.603,
        "interestIncomeExpense": -70.8,
        "minorityInterest": -48.3,
        "netIncome": 239.6,
        "netIncomeAfterTaxes": 277.9,
        "nonRecurringItems": -2.9,
        "period": "2020-03-31",
        "pretaxIncome": 369.5,
        "provisionforIncomeTaxes": 91.6,
        "revenue": 2841.2,
        "sgaExpense": 263.6,
        "totalOperatingExpense": 418.3,
        "totalOtherIncomeExpenseNet": -4.4
      },
      {
        "costOfGoodsSold": 2000.6,
        "depreciationAmortization": 158.5,
        "dilutedAverageSharesOutstanding": 130.3,
        "dilutedEPS": 1.86,
        "ebit": 461.1,
        "grossIncome": 898,
        "interestExpense": 92.05,
        "interestIncomeExpense": -90.6,
        "minorityInterest": -58.1,
        "netIncome": 244.9,
        "netIncomeAfterTaxes": 300.3,
        "nonRecurringItems": 0,
        "period": "2019-12-31",
        "pretaxIncome": 382,
        "provisionforIncomeTaxes": 81.7,
        "revenue": 2898.6,
        "sgaExpense": 278.4,
        "totalOperatingExpense": 436.9,
        "totalOtherIncomeExpenseNet": 11.5
      },
      {
        "costOfGoodsSold": 1991.2,
        "depreciationAmortization": 155.9,
        "dilutedAverageSharesOutstanding": 151.3,
        "dilutedEPS": 0.94,
        "ebit": 458.3,
        "grossIncome": 912.9,
        "interestExpense": 88.589,
        "interestIncomeExpense": -84.7,
        "minorityInterest": -58.4,
        "netIncome": 143.3,
        "netIncomeAfterTaxes": 208.5,
        "nonRecurringItems": -105.1,
        "period": "2019-09-30",
        "pretaxIncome": 273.8,
        "provisionforIncomeTaxes": 65.3,
        "revenue": 2904.1,
        "sgaExpense": 298.7,
        "totalOperatingExpense": 454.6,
        "totalOtherIncomeExpenseNet": 5.3
      },
      {
        "costOfGoodsSold": 1957.8,
        "depreciationAmortization": 152.2,
        "dilutedAverageSharesOutstanding": 166.8,
        "dilutedEPS": 1.64,
        "ebit": 457.4,
        "grossIncome": 885,
        "interestExpense": 131.666,
        "interestIncomeExpense": -127.2,
        "minorityInterest": -53.6,
        "netIncome": 273.6,
        "netIncomeAfterTaxes": 247.8,
        "nonRecurringItems": -12.2,
        "period": "2019-06-30",
        "pretaxIncome": 323.7,
        "provisionforIncomeTaxes": 75.9,
        "revenue": 2842.7,
        "sgaExpense": 275.3,
        "totalOperatingExpense": 427.5,
        "totalOtherIncomeExpenseNet": 5.6
      },
      {
        "costOfGoodsSold": 1964.9,
        "depreciationAmortization": 148.5,
        "dilutedAverageSharesOutstanding": 166.8,
        "dilutedEPS": 0.89,
        "ebit": 378.8,
        "grossIncome": 778.2,
        "interestExpense": 131.519,
        "interestIncomeExpense": -128.8,
        "minorityInterest": -40.2,
        "netIncome": 149.3,
        "netIncomeAfterTaxes": 159.2,
        "nonRecurringItems": -41,
        "period": "2019-03-31",
        "pretaxIncome": 215.9,
        "provisionforIncomeTaxes": 56.7,
        "revenue": 2743.1,
        "sgaExpense": 250.8,
        "totalOperatingExpense": 399.4,
        "totalOtherIncomeExpenseNet": 6.9
      },
      {
        "costOfGoodsSold": 2027.1,
        "depreciationAmortization": 155.2,
        "dilutedAverageSharesOutstanding": 165.9,
        "dilutedEPS": -0.9,
        "ebit": 370.3,
        "grossIncome": 794.1,
        "interestExpense": 128.3,
        "interestIncomeExpense": -138.9,
        "minorityInterest": -47.9,
        "netIncome": -149.8,
        "netIncomeAfterTaxes": 207.4,
        "nonRecurringItems": 28.2,
        "period": "2018-12-31",
        "pretaxIncome": 259.1,
        "provisionforIncomeTaxes": 51.7,
        "revenue": 2821.1,
        "sgaExpense": 268.5,
        "totalOperatingExpense": 423.7,
        "totalOtherIncomeExpenseNet": -0.5
      },
      {
        "costOfGoodsSold": 2063.8,
        "depreciationAmortization": 146,
        "dilutedAverageSharesOutstanding": 166.8,
        "dilutedEPS": -0.82,
        "ebit": 300.4,
        "grossIncome": 783.6,
        "interestExpense": 125.927,
        "interestIncomeExpense": -129.7,
        "minorityInterest": -40.1,
        "netIncome": -136.8,
        "netIncomeAfterTaxes": 115.1,
        "nonRecurringItems": -7.6,
        "period": "2018-09-30",
        "pretaxIncome": 167.1,
        "provisionforIncomeTaxes": 52,
        "revenue": 2847.3,
        "sgaExpense": 337.1,
        "totalOperatingExpense": 483.1,
        "totalOtherIncomeExpenseNet": 4
      },
      {
        "costOfGoodsSold": 2069.1,
        "depreciationAmortization": 147.1,
        "dilutedAverageSharesOutstanding": 174.1,
        "dilutedEPS": 1.53,
        "ebit": 408.8,
        "grossIncome": 817.9,
        "interestExpense": 119.692,
        "interestIncomeExpense": -109.9,
        "minorityInterest": -39,
        "netIncome": 267.3,
        "netIncomeAfterTaxes": 236.6,
        "nonRecurringItems": 19.6,
        "period": "2018-06-30",
        "pretaxIncome": 320.5,
        "provisionforIncomeTaxes": 83.9,
        "revenue": 2887,
        "sgaExpense": 262,
        "totalOperatingExpense": 409.1,
        "totalOtherIncomeExpenseNet": 2
      },
      {
        "costOfGoodsSold": 2035.6,
        "depreciationAmortization": 142.8,
        "dilutedAverageSharesOutstanding": 181.8,
        "dilutedEPS": 0.98,
        "ebit": 410.5,
        "grossIncome": 813.9,
        "interestExpense": 113.516,
        "interestIncomeExpense": -113.3,
        "minorityInterest": -46.5,
        "netIncome": 178.7,
        "netIncomeAfterTaxes": 231,
        "nonRecurringItems": 0,
        "period": "2018-03-31",
        "pretaxIncome": 301.8,
        "provisionforIncomeTaxes": 70.7,
        "revenue": 2849.4,
        "sgaExpense": 260.5,
        "totalOperatingExpense": 403.4,
        "totalOtherIncomeExpenseNet": 4.6
      },
      {
        "costOfGoodsSold": 1941.7,
        "depreciationAmortization": 144.4,
        "dilutedAverageSharesOutstanding": 194.3,
        "dilutedEPS": 1.56,
        "ebit": 435.1,
        "grossIncome": 839.2,
        "interestIncomeExpense": -112.2,
        "minorityInterest": -37.3,
        "netIncome": 303.4,
        "netIncomeAfterTaxes": -54.9,
        "nonRecurringItems": -281.6,
        "period": "2017-12-31",
        "pretaxIncome": 46.8,
        "provisionforIncomeTaxes": 101.7,
        "revenue": 2780.9,
        "sgaExpense": 259.8,
        "totalOperatingExpense": 404.1,
        "totalOtherIncomeExpenseNet": 5.5
      },
      {
        "costOfGoodsSold": 1951.6,
        "depreciationAmortization": 142.6,
        "dilutedAverageSharesOutstanding": 188.9,
        "dilutedEPS": -1.13,
        "ebit": 400.6,
        "grossIncome": 813.5,
        "interestExpense": 109.306,
        "interestIncomeExpense": -114.6,
        "minorityInterest": -42.4,
        "netIncome": -214.5,
        "netIncomeAfterTaxes": 198.8,
        "nonRecurringItems": 0,
        "period": "2017-09-30",
        "pretaxIncome": 289.4,
        "provisionforIncomeTaxes": 90.5,
        "revenue": 2765.1,
        "sgaExpense": 270.2,
        "totalOperatingExpense": 412.9,
        "totalOtherIncomeExpenseNet": 3.4
      },
      {
        "costOfGoodsSold": 1894.7,
        "depreciationAmortization": 140,
        "dilutedAverageSharesOutstanding": 191.1,
        "dilutedEPS": 0.66,
        "ebit": 402.5,
        "grossIncome": 804.7,
        "interestExpense": 107.934,
        "interestIncomeExpense": -108.7,
        "minorityInterest": -34.6,
        "netIncome": 127,
        "netIncomeAfterTaxes": 186.1,
        "nonRecurringItems": -10.5,
        "period": "2017-06-30",
        "pretaxIncome": 288.1,
        "provisionforIncomeTaxes": 101.9,
        "revenue": 2699.4,
        "sgaExpense": 262.2,
        "totalOperatingExpense": 402.2,
        "totalOtherIncomeExpenseNet": 4.8
      },
      {
        "costOfGoodsSold": 1852,
        "depreciationAmortization": 132.9,
        "dilutedAverageSharesOutstanding": 195.3,
        "dilutedEPS": 2.29,
        "ebit": 381.5,
        "grossIncome": 779.2,
        "interestExpense": 104.397,
        "interestIncomeExpense": -103.7,
        "minorityInterest": -52.6,
        "netIncome": 447.7,
        "netIncomeAfterTaxes": 493.9,
        "nonRecurringItems": 493.7,
        "period": "2017-03-31",
        "pretaxIncome": 775.5,
        "provisionforIncomeTaxes": 281.7,
        "revenue": 2631.3,
        "sgaExpense": 264.8,
        "totalOperatingExpense": 397.7,
        "totalOtherIncomeExpenseNet": 4
      },
      {
        "costOfGoodsSold": -519.4,
        "depreciationAmortization": -22,
        "dilutedAverageSharesOutstanding": 201.2,
        "dilutedEPS": 0.78,
        "ebit": 325,
        "grossIncome": 197.5,
        "interestExpense": 107.955,
        "interestIncomeExpense": -92,
        "minorityInterest": -30.5,
        "netIncome": 157.7,
        "netIncomeAfterTaxes": 346.5,
        "nonRecurringItems": 179.8,
        "period": "2016-12-31",
        "pretaxIncome": 412.3,
        "provisionforIncomeTaxes": 65.8,
        "revenue": -321.9,
        "sgaExpense": -105.6,
        "totalOperatingExpense": -127.5,
        "totalOtherIncomeExpenseNet": -0.6
      },
      {
        "costOfGoodsSold": 2697.6,
        "depreciationAmortization": 181.7,
        "dilutedAverageSharesOutstanding": 207,
        "dilutedEPS": 2.76,
        "ebit": 440.6,
        "grossIncome": 1032.9,
        "interestExpense": 104.581,
        "interestIncomeExpense": -100.4,
        "minorityInterest": -40.8,
        "netIncome": 571.3,
        "netIncomeAfterTaxes": 612.2,
        "nonRecurringItems": 374.4,
        "period": "2016-09-30",
        "pretaxIncome": 716.5,
        "provisionforIncomeTaxes": 104.3,
        "revenue": 3730.6,
        "sgaExpense": 410.7,
        "totalOperatingExpense": 592.4,
        "totalOtherIncomeExpenseNet": 1.9
      },
      {
        "costOfGoodsSold": 2671,
        "depreciationAmortization": 180.4,
        "dilutedAverageSharesOutstanding": 208,
        "dilutedEPS": 0.26,
        "ebit": 475.8,
        "grossIncome": 1046.6,
        "interestExpense": 102.894,
        "interestIncomeExpense": -103.4,
        "minorityInterest": -41.1,
        "netIncome": 53.4,
        "netIncomeAfterTaxes": 94.5,
        "nonRecurringItems": -146.2,
        "period": "2016-06-30",
        "pretaxIncome": 229.4,
        "provisionforIncomeTaxes": 134.9,
        "revenue": 3717.7,
        "sgaExpense": 390.5,
        "totalOperatingExpense": 570.9,
        "totalOtherIncomeExpenseNet": 3.2
      },
      {
        "costOfGoodsSold": 2582.3,
        "depreciationAmortization": 169.4,
        "dilutedAverageSharesOutstanding": 207.9,
        "dilutedEPS": 0.47,
        "ebit": 440.5,
        "grossIncome": 998.8,
        "interestExpense": 102.884,
        "interestIncomeExpense": -101.5,
        "minorityInterest": -40.7,
        "netIncome": 97.4,
        "netIncomeAfterTaxes": 138.2,
        "nonRecurringItems": -77,
        "period": "2016-03-31",
        "pretaxIncome": 265,
        "provisionforIncomeTaxes": 126.8,
        "revenue": 3581.1,
        "sgaExpense": 388.9,
        "totalOperatingExpense": 558.3,
        "totalOtherIncomeExpenseNet": 3
      },
      {
        "costOfGoodsSold": 2515.1,
        "depreciationAmortization": 163.3,
        "dilutedAverageSharesOutstanding": 208.7,
        "dilutedEPS": -0.03,
        "ebit": 447.5,
        "grossIncome": 1018.5,
        "interestExpense": 108.362,
        "interestIncomeExpense": -95.7,
        "minorityInterest": -40.5,
        "netIncome": -6,
        "netIncomeAfterTaxes": 34.5,
        "nonRecurringItems": -210.2,
        "period": "2015-12-31",
        "pretaxIncome": 146.3,
        "provisionforIncomeTaxes": 111.8,
        "revenue": 3533.6,
        "sgaExpense": 407.6,
        "totalOperatingExpense": 571,
        "totalOtherIncomeExpenseNet": 4.6
      },
      {
        "costOfGoodsSold": 2501,
        "depreciationAmortization": 162.1,
        "dilutedAverageSharesOutstanding": 216.7,
        "dilutedEPS": 1,
        "ebit": 506.6,
        "grossIncome": 1024.7,
        "interestExpense": 103.481,
        "interestIncomeExpense": -100.7,
        "minorityInterest": -45.4,
        "netIncome": 215.9,
        "netIncomeAfterTaxes": 261.3,
        "nonRecurringItems": 0,
        "period": "2015-09-30",
        "pretaxIncome": 408.4,
        "provisionforIncomeTaxes": 147.1,
        "revenue": 3525.7,
        "sgaExpense": 356,
        "totalOperatingExpense": 518.1,
        "totalOtherIncomeExpenseNet": 2.5
      }
    ],
    "symbol": "DVA"
  }
}