{
  "symbol": "ADM",
  "statement": "ic",
  "frequency": "annual",
  "timestamp": "2025-09-19T13:56:15.878165",
  "data": {
    "financials": [
      {
        "costOfGoodsSold": 79752,
        "dilutedAverageSharesOutstanding": 493,
        "dilutedEPS": 3.6511,
        "ebit": 2072,
        "gainLossOnDispositionOfAssets": 27,
        "grossIncome": 5778,
        "interestExpense": 706,
        "interestIncomeExpense": 477,
        "minorityInterest": 21,
        "netIncome": 1800,
        "netIncomeAfterTaxes": 1779,
        "nonRecurringItems": -545,
        "period": "2024-12-31",
        "pretaxIncome": 2255,
        "provisionforIncomeTaxes": 476,
        "revenue": 85530,
        "sgaExpense": 3706,
        "totalOperatingExpense": 3706,
        "totalOtherIncomeExpenseNet": 224,
        "year": 2024
      },
      {
        "costOfGoodsSold": 86422,
        "dilutedAverageSharesOutstanding": 542,
        "dilutedEPS": 6.4262,
        "ebit": 4057,
        "gainLossOnDispositionOfAssets": 38,
        "grossIncome": 7513,
        "interestExpense": 653,
        "interestIncomeExpense": 397,
        "minorityInterest": 17,
        "netIncome": 3483,
        "netIncomeAfterTaxes": 3466,
        "nonRecurringItems": -336,
        "period": "2023-12-31",
        "pretaxIncome": 4294,
        "provisionforIncomeTaxes": 828,
        "revenue": 93935,
        "sgaExpense": 3456,
        "totalOperatingExpense": 3456,
        "totalOtherIncomeExpenseNet": 138,
        "year": 2023
      },
      {
        "costOfGoodsSold": 93986,
        "dilutedAverageSharesOutstanding": 563,
        "dilutedEPS": 7.71,
        "ebit": 4212,
        "gainLossOnDispositionOfAssets": 78,
        "grossIncome": 7570,
        "interestExpense": 396,
        "interestIncomeExpense": 729,
        "minorityInterest": -25,
        "netIncome": 4340,
        "netIncomeAfterTaxes": 4365,
        "nonRecurringItems": -66,
        "period": "2022-12-31",
        "pretaxIncome": 5233,
        "provisionforIncomeTaxes": 868,
        "revenue": 101556,
        "sgaExpense": 3358,
        "totalOperatingExpense": 3358,
        "totalOtherIncomeExpenseNet": 280,
        "year": 2022
      },
      {
        "costOfGoodsSold": 79262,
        "dilutedAverageSharesOutstanding": 566,
        "dilutedEPS": 4.78,
        "ebit": 3031,
        "gainLossOnDispositionOfAssets": 100,
        "grossIncome": 5987,
        "interestExpense": 265,
        "interestIncomeExpense": 426,
        "minorityInterest": -26,
        "netIncome": 2709,
        "netIncomeAfterTaxes": 2731,
        "nonRecurringItems": -321,
        "period": "2021-12-31",
        "pretaxIncome": 3313,
        "provisionforIncomeTaxes": 582,
        "revenue": 85249,
        "sgaExpense": 2956,
        "totalOperatingExpense": 2956,
        "totalOtherIncomeExpenseNet": 77,
        "year": 2021
      },
      {
        "costOfGoodsSold": 59902,
        "dilutedAverageSharesOutstanding": 563,
        "dilutedEPS": 3.13,
        "ebit": 1766,
        "gainLossOnDispositionOfAssets": 161,
        "grossIncome": 4453,
        "interestExpense": 339,
        "interestIncomeExpense": 328,
        "minorityInterest": -10,
        "netIncome": 1772,
        "netIncomeAfterTaxes": 1774,
        "nonRecurringItems": -489,
        "period": "2020-12-31",
        "pretaxIncome": 1883,
        "provisionforIncomeTaxes": 109,
        "revenue": 64355,
        "sgaExpense": 2687,
        "totalOperatingExpense": 2687,
        "totalOtherIncomeExpenseNet": 117,
        "year": 2020
      },
      {
        "costOfGoodsSold": 60509,
        "dilutedAverageSharesOutstanding": 565,
        "dilutedEPS": 2.44,
        "ebit": 1654,
        "gainLossOnDispositionOfAssets": -39,
        "grossIncome": 4147,
        "interestExpense": 402,
        "interestIncomeExpense": 223,
        "minorityInterest": 0,
        "netIncome": 1379,
        "netIncomeAfterTaxes": 1418,
        "nonRecurringItems": -303,
        "period": "2019-12-31",
        "pretaxIncome": 1588,
        "provisionforIncomeTaxes": 170,
        "revenue": 64656,
        "sgaExpense": 2493,
        "totalOperatingExpense": 2493,
        "totalOtherIncomeExpenseNet": 53,
        "year": 2019
      },
      {
        "costOfGoodsSold": 60160,
        "dilutedAverageSharesOutstanding": 567,
        "dilutedEPS": 3.19,
        "ebit": 2016,
        "gainLossOnDispositionOfAssets": 43,
        "grossIncome": 4181,
        "interestExpense": 364,
        "interestIncomeExpense": 139,
        "minorityInterest": -5,
        "netIncome": 1810,
        "netIncomeAfterTaxes": 1782,
        "nonRecurringItems": -54,
        "period": "2018-12-31",
        "pretaxIncome": 2060,
        "provisionforIncomeTaxes": 278,
        "revenue": 64341,
        "sgaExpense": 2165,
        "totalOperatingExpense": 2165,
        "totalOtherIncomeExpenseNet": -84,
        "year": 2018
      },
      {
        "costOfGoodsSold": 57310,
        "dilutedAverageSharesOutstanding": 572,
        "dilutedEPS": 2.78,
        "ebit": 1540,
        "gainLossOnDispositionOfAssets": 80,
        "grossIncome": 3518,
        "interestExpense": 330,
        "interestIncomeExpense": 232,
        "minorityInterest": -7,
        "netIncome": 1595,
        "netIncomeAfterTaxes": 1223,
        "nonRecurringItems": -184,
        "period": "2017-12-31",
        "pretaxIncome": 1609,
        "provisionforIncomeTaxes": 386,
        "revenue": 60828,
        "sgaExpense": 1978,
        "totalOperatingExpense": 1978,
        "totalOtherIncomeExpenseNet": -59,
        "year": 2017
      },
      {
        "costOfGoodsSold": 58728,
        "dilutedAverageSharesOutstanding": 591,
        "dilutedEPS": 2.16,
        "ebit": 1637,
        "gainLossOnDispositionOfAssets": 130,
        "grossIncome": 3618,
        "interestExpense": 293,
        "interestIncomeExpense": 91,
        "minorityInterest": -9,
        "netIncome": 1279,
        "netIncomeAfterTaxes": 1288,
        "nonRecurringItems": -55,
        "period": "2016-12-31",
        "pretaxIncome": 1822,
        "provisionforIncomeTaxes": 534,
        "revenue": 62346,
        "sgaExpense": 1981,
        "totalOperatingExpense": 1981,
        "totalOtherIncomeExpenseNet": 19,
        "year": 2016
      },
      {
        "costOfGoodsSold": 63682,
        "dilutedAverageSharesOutstanding": 621,
        "dilutedEPS": 2.98,
        "ebit": 2010,
        "gainLossOnDispositionOfAssets": 572,
        "grossIncome": 4020,
        "interestExpense": 308,
        "interestIncomeExpense": 161,
        "minorityInterest": 3,
        "netIncome": 1849,
        "netIncomeAfterTaxes": 1846,
        "nonRecurringItems": -389,
        "period": "2015-12-31",
        "pretaxIncome": 2284,
        "provisionforIncomeTaxes": 438,
        "revenue": 67702,
        "sgaExpense": 2010,
        "totalOperatingExpense": 2010,
        "totalOtherIncomeExpenseNet": -70,
        "year": 2015
      }
    ],
    "symbol": "ADM"
  }
}