{
  "symbol": "KKR",
  "statement": "ic",
  "frequency": "quarterly",
  "timestamp": "2025-09-19T14:02:51.714364",
  "data": {
    "financials": [
      {
        "costOfGoodsSold": 3236.514,
        "depreciationAmortization": 19.6,
        "dilutedAverageSharesOutstanding": 954.2096,
        "dilutedEPS": 0.4951,
        "ebit": 342.399,
        "grossIncome": 2005.5,
        "interestExpense": 707.391,
        "interestIncomeExpense": 1186.369,
        "minorityInterest": -844.341,
        "netIncome": 472.387,
        "netIncomeAfterTaxes": 1354.464,
        "otherOperatingExpensesTotal": 18.451,
        "period": "2025-06-30",
        "pretaxIncome": 1528.768,
        "provisionforIncomeTaxes": 174.304,
        "revenue": 5242.014,
        "sgaExpense": 1625.05,
        "totalOperatingExpense": 1663.101
      },
      {
        "costOfGoodsSold": 2117.752,
        "depreciationAmortization": 18.6,
        "dilutedAverageSharesOutstanding": 888.2467,
        "dilutedEPS": -0.2245,
        "ebit": -720.772,
        "grossIncome": 1213.733,
        "interestExpense": 654.499,
        "interestIncomeExpense": 1491.839,
        "minorityInterest": -870.422,
        "netIncome": -199.401,
        "netIncomeAfterTaxes": 684.498,
        "otherOperatingExpensesTotal": 85.04,
        "period": "2025-03-31",
        "pretaxIncome": 771.067,
        "provisionforIncomeTaxes": 86.569,
        "revenue": 3331.485,
        "sgaExpense": 1830.865,
        "totalOperatingExpense": 1934.505
      },
      {
        "costOfGoodsSold": 1927.122,
        "depreciationAmortization": 17.3,
        "dilutedAverageSharesOutstanding": 956.38,
        "dilutedEPS": 1.18,
        "ebit": 277.772,
        "grossIncome": 1698.78,
        "interestExpense": 774.888,
        "interestIncomeExpense": 1364.841,
        "minorityInterest": -258.728,
        "netIncome": 1125.555,
        "netIncomeAfterTaxes": 1384.283,
        "otherOperatingExpensesTotal": 106.933,
        "period": "2024-12-31",
        "pretaxIncome": 1642.613,
        "provisionforIncomeTaxes": 258.33,
        "revenue": 3625.902,
        "sgaExpense": 1296.775,
        "totalOperatingExpense": 1421.008
      },
      {
        "costOfGoodsSold": 3018.685,
        "depreciationAmortization": 18.4,
        "dilutedAverageSharesOutstanding": 941.967,
        "dilutedEPS": 0.64,
        "ebit": 45.691,
        "grossIncome": 2182.473,
        "interestExpense": 721.94,
        "interestIncomeExpense": 1598.873,
        "minorityInterest": -834.118,
        "netIncome": 600.55,
        "netIncomeAfterTaxes": 1434.668,
        "otherOperatingExpensesTotal": 151.488,
        "period": "2024-09-30",
        "pretaxIncome": 1644.564,
        "provisionforIncomeTaxes": 209.896,
        "revenue": 5201.158,
        "sgaExpense": 1966.894,
        "totalOperatingExpense": 2136.782
      },
      {
        "costOfGoodsSold": 2626.128,
        "depreciationAmortization": 17.9,
        "dilutedAverageSharesOutstanding": 932.046,
        "dilutedEPS": 0.72,
        "ebit": 225.581,
        "grossIncome": 1694.419,
        "interestExpense": 783.253,
        "interestIncomeExpense": 984.624,
        "minorityInterest": -325.31,
        "netIncome": 667.926,
        "netIncomeAfterTaxes": 993.236,
        "nonRecurringItems": 0,
        "otherOperatingExpensesTotal": 65.181,
        "period": "2024-06-30",
        "pretaxIncome": 1210.205,
        "provisionforIncomeTaxes": 216.969,
        "revenue": 4320.547,
        "sgaExpense": 1385.757,
        "totalOperatingExpense": 1468.838
      },
      {
        "costOfGoodsSold": 7605.166,
        "depreciationAmortization": 17.9,
        "dilutedAverageSharesOutstanding": 925.141,
        "dilutedEPS": 0.74,
        "ebit": 343.794,
        "grossIncome": 2243.153,
        "interestExpense": 754.064,
        "interestIncomeExpense": 1019.257,
        "minorityInterest": -411.636,
        "netIncome": 682.214,
        "netIncomeAfterTaxes": 1093.85,
        "nonRecurringItems": 0,
        "otherOperatingExpensesTotal": 97.535,
        "period": "2024-03-31",
        "pretaxIncome": 1363.051,
        "provisionforIncomeTaxes": 269.201,
        "revenue": 9848.319,
        "sgaExpense": 1783.924,
        "totalOperatingExpense": 1899.359
      },
      {
        "costOfGoodsSold": 2830.625,
        "depreciationAmortization": 17.7,
        "dilutedAverageSharesOutstanding": 912,
        "dilutedEPS": 1.14,
        "ebit": 369.314,
        "grossIncome": 1902.392,
        "interestExpense": 751.3,
        "interestIncomeExpense": 1506.657,
        "minorityInterest": -548.931,
        "netIncome": 1040.429,
        "netIncomeAfterTaxes": 1589.36,
        "nonRecurringItems": 0,
        "otherOperatingExpensesTotal": 173.064,
        "period": "2023-12-31",
        "pretaxIncome": 1875.971,
        "provisionforIncomeTaxes": 286.611,
        "revenue": 4733.017,
        "sgaExpense": 1342.314,
        "totalOperatingExpense": 1533.078
      },
      {
        "costOfGoodsSold": 1024.6,
        "depreciationAmortization": 18.3,
        "dilutedAverageSharesOutstanding": 909.057,
        "dilutedEPS": 1.62,
        "ebit": 999.958,
        "grossIncome": 2356.46,
        "interestExpense": 724.342,
        "interestIncomeExpense": 1819.232,
        "minorityInterest": -891.854,
        "netIncome": 1472.878,
        "netIncomeAfterTaxes": 2381.98,
        "nonRecurringItems": 0,
        "otherOperatingExpensesTotal": 4.908,
        "period": "2023-09-30",
        "pretaxIncome": 2819.19,
        "provisionforIncomeTaxes": 437.21,
        "revenue": 3381.06,
        "sgaExpense": 1333.294,
        "totalOperatingExpense": 1356.502
      },
      {
        "costOfGoodsSold": 1997.749,
        "depreciationAmortization": 16.6,
        "dilutedAverageSharesOutstanding": 912.148,
        "dilutedEPS": 0.93,
        "ebit": 504.036,
        "grossIncome": 1739.583,
        "interestExpense": 720.108,
        "interestIncomeExpense": 946.977,
        "minorityInterest": -264.346,
        "netIncome": 844.463,
        "netIncomeAfterTaxes": 1126.058,
        "nonRecurringItems": 0,
        "otherOperatingExpensesTotal": 61.202,
        "period": "2023-06-30",
        "pretaxIncome": 1451.013,
        "provisionforIncomeTaxes": 324.955,
        "revenue": 3737.332,
        "sgaExpense": 1157.745,
        "totalOperatingExpense": 1235.547
      },
      {
        "costOfGoodsSold": 1894.375,
        "depreciationAmortization": 15.8,
        "dilutedAverageSharesOutstanding": 887.169,
        "dilutedEPS": 0.36,
        "ebit": 294.14,
        "grossIncome": 1457.808,
        "interestExpense": 576.338,
        "interestIncomeExpense": 141.036,
        "minorityInterest": 80.306,
        "netIncome": 322.744,
        "netIncomeAfterTaxes": 259.688,
        "nonRecurringItems": -26.741,
        "otherOperatingExpensesTotal": 140.429,
        "period": "2023-03-31",
        "pretaxIncome": 408.435,
        "provisionforIncomeTaxes": 148.747,
        "revenue": 3352.183,
        "sgaExpense": 1007.439,
        "totalOperatingExpense": 1163.668
      },
      {
        "costOfGoodsSold": 1664.054,
        "depreciationAmortization": 14.8,
        "dilutedAverageSharesOutstanding": 862.296,
        "dilutedEPS": 0.14,
        "ebit": 123.796,
        "grossIncome": 1349.081,
        "interestExpense": 548.772,
        "interestIncomeExpense": 5.349,
        "minorityInterest": 118.783,
        "netIncome": 121.11,
        "netIncomeAfterTaxes": 19.577,
        "nonRecurringItems": 0,
        "otherOperatingExpensesTotal": 344.103,
        "period": "2022-12-31",
        "pretaxIncome": 129.145,
        "provisionforIncomeTaxes": 109.568,
        "revenue": 3013.135,
        "sgaExpense": 866.382,
        "totalOperatingExpense": 1225.285
      },
      {
        "costOfGoodsSold": 1156.839,
        "depreciationAmortization": 14.2,
        "dilutedAverageSharesOutstanding": 886.216,
        "dilutedEPS": 0.04,
        "ebit": 182.239,
        "grossIncome": 863.766,
        "interestExpense": 391.52,
        "interestIncomeExpense": 23.949,
        "minorityInterest": -74.616,
        "netIncome": 32.637,
        "netIncomeAfterTaxes": 124.503,
        "otherOperatingExpensesTotal": 27.177,
        "period": "2022-09-30",
        "pretaxIncome": 206.188,
        "provisionforIncomeTaxes": 81.685,
        "revenue": 2020.605,
        "sgaExpense": 640.15,
        "totalOperatingExpense": 681.527
      },
      {
        "costOfGoodsSold": -66.551,
        "depreciationAmortization": 12.9,
        "dilutedAverageSharesOutstanding": 680.747,
        "dilutedEPS": -1.08,
        "ebit": -241.302,
        "grossIncome": 472.258,
        "interestExpense": 328.726,
        "interestIncomeExpense": -1675.291,
        "minorityInterest": 1096.707,
        "netIncome": -734.625,
        "netIncomeAfterTaxes": -1814.082,
        "nonRecurringItems": 0,
        "otherOperatingExpensesTotal": 18.74,
        "period": "2022-06-30",
        "pretaxIncome": -1916.593,
        "provisionforIncomeTaxes": -102.511,
        "revenue": 405.707,
        "sgaExpense": 681.92,
        "totalOperatingExpense": 713.56
      },
      {
        "costOfGoodsSold": 841.367,
        "depreciationAmortization": 12.7,
        "dilutedAverageSharesOutstanding": 592.203,
        "dilutedEPS": -0.02,
        "ebit": -358.369,
        "grossIncome": 382.428,
        "interestExpense": 281.759,
        "interestIncomeExpense": 1647.408,
        "minorityInterest": -1244.924,
        "netIncome": -9.786,
        "netIncomeAfterTaxes": 1252.388,
        "nonRecurringItems": 0,
        "otherOperatingExpensesTotal": 36.687,
        "period": "2022-03-31",
        "pretaxIncome": 1289.039,
        "provisionforIncomeTaxes": 36.651,
        "revenue": 1223.795,
        "sgaExpense": 691.41,
        "totalOperatingExpense": 740.797
      },
      {
        "costOfGoodsSold": 1521.006,
        "depreciationAmortization": 12.9,
        "dilutedAverageSharesOutstanding": 643.511,
        "dilutedEPS": 0.89,
        "ebit": 1102.721,
        "grossIncome": 2664.674,
        "interestExpense": 275.39,
        "interestIncomeExpense": 122.304,
        "minorityInterest": -401.093,
        "netIncome": 573.488,
        "netIncomeAfterTaxes": 991.831,
        "period": "2021-12-31",
        "pretaxIncome": 1225.025,
        "provisionforIncomeTaxes": 233.194,
        "revenue": 4185.68,
        "sgaExpense": 1549.053,
        "totalOperatingExpense": 1561.953
      },
      {
        "costOfGoodsSold": 1956.837,
        "depreciationAmortization": 11.3,
        "dilutedAverageSharesOutstanding": 637.416,
        "dilutedEPS": 1.77,
        "ebit": 1298.123,
        "grossIncome": 2691.248,
        "interestExpense": 278.166,
        "interestIncomeExpense": 2362.804,
        "minorityInterest": -2125.088,
        "netIncome": 1131.354,
        "netIncomeAfterTaxes": 3281.645,
        "period": "2021-09-30",
        "pretaxIncome": 3660.927,
        "provisionforIncomeTaxes": 379.282,
        "revenue": 4648.085,
        "sgaExpense": 1381.825,
        "totalOperatingExpense": 1393.125
      },
      {
        "costOfGoodsSold": 625.798,
        "depreciationAmortization": 11.3,
        "dilutedAverageSharesOutstanding": 630.39,
        "dilutedEPS": 2.03,
        "ebit": 1144.469,
        "grossIncome": 2632.667,
        "interestExpense": 265.056,
        "interestIncomeExpense": 3462.072,
        "minorityInterest": -2947.599,
        "netIncome": 1277.672,
        "netIncomeAfterTaxes": 4262.874,
        "period": "2021-06-30",
        "pretaxIncome": 4606.541,
        "provisionforIncomeTaxes": 343.667,
        "revenue": 3258.465,
        "sgaExpense": 1476.898,
        "totalOperatingExpense": 1488.198
      },
      {
        "costOfGoodsSold": 1562.994,
        "depreciationAmortization": 11,
        "dilutedAverageSharesOutstanding": 620.888,
        "dilutedEPS": 2.65,
        "ebit": 1466.461,
        "grossIncome": 3035.41,
        "interestExpense": 251.756,
        "interestIncomeExpense": 2887.645,
        "minorityInterest": -2245.531,
        "netIncome": 1644.245,
        "netIncomeAfterTaxes": 3915.367,
        "period": "2021-03-31",
        "pretaxIncome": 4354.106,
        "provisionforIncomeTaxes": 438.739,
        "revenue": 4598.404,
        "sgaExpense": 1557.949,
        "totalOperatingExpense": 1568.949
      },
      {
        "costOfGoodsSold": 113.669,
        "depreciationAmortization": 4.4,
        "dilutedAverageSharesOutstanding": 625.008,
        "dilutedEPS": 2.37,
        "ebit": 826.107,
        "grossIncome": 2005.164,
        "interestExpense": 244.626,
        "interestIncomeExpense": 3998.115,
        "minorityInterest": -2908.864,
        "netIncome": 1479.689,
        "netIncomeAfterTaxes": 4420.085,
        "period": "2020-12-31",
        "pretaxIncome": 4824.222,
        "provisionforIncomeTaxes": 404.137,
        "revenue": 2118.833,
        "sgaExpense": 1174.657,
        "totalOperatingExpense": 1179.057
      },
      {
        "costOfGoodsSold": 89.487,
        "depreciationAmortization": 4.6,
        "dilutedAverageSharesOutstanding": 589.116,
        "dilutedEPS": 1.79,
        "ebit": 801.539,
        "grossIncome": 1895.238,
        "interestExpense": 223.709,
        "interestIncomeExpense": 2532.137,
        "minorityInterest": -1909.458,
        "netIncome": 1056.502,
        "netIncomeAfterTaxes": 2974.301,
        "period": "2020-09-30",
        "pretaxIncome": 3333.676,
        "provisionforIncomeTaxes": 359.375,
        "revenue": 1984.725,
        "sgaExpense": 1089.099,
        "totalOperatingExpense": 1093.699
      },
      {
        "costOfGoodsSold": 60.872,
        "depreciationAmortization": 4.8,
        "dilutedAverageSharesOutstanding": 565.611,
        "dilutedEPS": 1.24,
        "ebit": 574.926,
        "grossIncome": 1331.994,
        "interestExpense": 240.067,
        "interestIncomeExpense": 1582.503,
        "minorityInterest": -1244.196,
        "netIncome": 698.628,
        "netIncomeAfterTaxes": 1951.165,
        "period": "2020-06-30",
        "pretaxIncome": 2157.429,
        "provisionforIncomeTaxes": 206.264,
        "revenue": 1392.866,
        "sgaExpense": 752.268,
        "totalOperatingExpense": 757.068
      },
      {
        "costOfGoodsSold": 35.387,
        "depreciationAmortization": 4.8,
        "dilutedAverageSharesOutstanding": 559.15,
        "dilutedEPS": -2.31,
        "ebit": -904.813,
        "grossIncome": -1001.505,
        "interestExpense": 261.469,
        "interestIncomeExpense": -3683.819,
        "minorityInterest": 2947.429,
        "netIncome": -1288.865,
        "netIncomeAfterTaxes": -4227.953,
        "period": "2020-03-31",
        "pretaxIncome": -4588.632,
        "provisionforIncomeTaxes": -360.679,
        "revenue": -966.118,
        "sgaExpense": -101.492,
        "totalOperatingExpense": -96.692
      },
      {
        "costOfGoodsSold": 88.091,
        "depreciationAmortization": 4.7,
        "dilutedAverageSharesOutstanding": 566.391,
        "dilutedEPS": 0.91,
        "ebit": 311.751,
        "grossIncome": 1063.071,
        "interestExpense": 260.95,
        "interestIncomeExpense": 1145.027,
        "minorityInterest": -790.71,
        "netIncome": 515.101,
        "netIncomeAfterTaxes": 1314.152,
        "period": "2019-12-31",
        "pretaxIncome": 1456.778,
        "provisionforIncomeTaxes": 142.626,
        "revenue": 1151.162,
        "sgaExpense": 746.62,
        "totalOperatingExpense": 751.32
      },
      {
        "costOfGoodsSold": 57.47,
        "depreciationAmortization": 4.7,
        "dilutedAverageSharesOutstanding": 559.532,
        "dilutedEPS": 0.43,
        "ebit": 170.952,
        "grossIncome": 790.485,
        "interestExpense": 268.747,
        "interestIncomeExpense": 218.792,
        "minorityInterest": -87.058,
        "netIncome": 241.213,
        "netIncomeAfterTaxes": 336.612,
        "period": "2019-09-30",
        "pretaxIncome": 389.744,
        "provisionforIncomeTaxes": 53.132,
        "revenue": 847.955,
        "sgaExpense": 614.833,
        "totalOperatingExpense": 619.533
      },
      {
        "costOfGoodsSold": 91.862,
        "depreciationAmortization": 4.7,
        "dilutedAverageSharesOutstanding": 554.644,
        "dilutedEPS": 0.93,
        "ebit": 371.053,
        "grossIncome": 1179.864,
        "interestExpense": 264.766,
        "interestIncomeExpense": 1156.076,
        "minorityInterest": -838.996,
        "netIncome": 514.393,
        "netIncomeAfterTaxes": 1361.73,
        "period": "2019-06-30",
        "pretaxIncome": 1527.129,
        "provisionforIncomeTaxes": 165.399,
        "revenue": 1271.726,
        "sgaExpense": 804.111,
        "totalOperatingExpense": 808.811
      },
      {
        "costOfGoodsSold": 103.477,
        "depreciationAmortization": 4.9,
        "dilutedAverageSharesOutstanding": 550.046,
        "dilutedEPS": 1.27,
        "ebit": 458.713,
        "grossIncome": 1187.48,
        "interestExpense": 249.088,
        "interestIncomeExpense": 1335.926,
        "minorityInterest": -917.727,
        "netIncome": 700.978,
        "netIncomeAfterTaxes": 1627.046,
        "period": "2019-03-31",
        "pretaxIncome": 1794.639,
        "provisionforIncomeTaxes": 167.593,
        "revenue": 1290.957,
        "sgaExpense": 723.867,
        "totalOperatingExpense": 728.767
      },
      {
        "costOfGoodsSold": 94.139,
        "depreciationAmortization": 3.86,
        "dilutedAverageSharesOutstanding": 532.267,
        "dilutedEPS": -0.74,
        "ebit": -415.792,
        "grossIncome": -178.056,
        "interestExpense": 241.508,
        "interestIncomeExpense": -798.115,
        "minorityInterest": 685.972,
        "netIncome": -392.982,
        "netIncomeAfterTaxes": -1070.613,
        "period": "2018-12-31",
        "pretaxIncome": -1213.907,
        "provisionforIncomeTaxes": -143.294,
        "revenue": -83.917,
        "sgaExpense": 233.876,
        "totalOperatingExpense": 237.736
      },
      {
        "costOfGoodsSold": 73.904,
        "depreciationAmortization": 3.649,
        "dilutedAverageSharesOutstanding": 545.673,
        "dilutedEPS": 1.17,
        "ebit": 389.576,
        "grossIncome": 1129.666,
        "interestExpense": 211.081,
        "interestIncomeExpense": 833.288,
        "minorityInterest": -703.73,
        "netIncome": 640.198,
        "netIncomeAfterTaxes": 1352.269,
        "period": "2018-09-30",
        "pretaxIncome": 1222.864,
        "provisionforIncomeTaxes": -129.405,
        "revenue": 1203.57,
        "sgaExpense": 736.441,
        "totalOperatingExpense": 740.09
      },
      {
        "costOfGoodsSold": 34.847,
        "depreciationAmortization": 3.775,
        "dilutedAverageSharesOutstanding": 548.746,
        "dilutedEPS": 1.24,
        "ebit": 296.57,
        "grossIncome": 971.62,
        "interestExpense": 203.85,
        "interestIncomeExpense": 1330.786,
        "minorityInterest": -877.674,
        "netIncome": 680.381,
        "netIncomeAfterTaxes": 1566.396,
        "period": "2018-06-30",
        "pretaxIncome": 1627.356,
        "provisionforIncomeTaxes": 60.96,
        "revenue": 1006.467,
        "sgaExpense": 671.275,
        "totalOperatingExpense": 675.05
      },
      {
        "costOfGoodsSold": 29.053,
        "depreciationAmortization": 3.71,
        "dilutedAverageSharesOutstanding": 535.918,
        "dilutedEPS": 0.32,
        "ebit": 36.005,
        "grossIncome": 472.606,
        "interestExpense": 219.59,
        "interestIncomeExpense": 584.53,
        "minorityInterest": -424.451,
        "netIncome": 170.102,
        "netIncomeAfterTaxes": 602.894,
        "period": "2018-03-31",
        "pretaxIncome": 620.535,
        "provisionforIncomeTaxes": 17.641,
        "revenue": 501.659,
        "sgaExpense": 432.891,
        "totalOperatingExpense": 436.601
      },
      {
        "costOfGoodsSold": 50.005,
        "depreciationAmortization": 3.555,
        "dilutedAverageSharesOutstanding": 520.157,
        "dilutedEPS": 0.31,
        "ebit": 387.37,
        "grossIncome": 1024.073,
        "interestExpense": 211.495,
        "interestIncomeExpense": 274.142,
        "minorityInterest": -339.956,
        "netIncome": 166.389,
        "netIncomeAfterTaxes": 612.586,
        "period": "2017-12-31",
        "pretaxIncome": 661.512,
        "provisionforIncomeTaxes": 48.926,
        "revenue": 1074.078,
        "sgaExpense": 633.148,
        "totalOperatingExpense": 636.703
      },
      {
        "costOfGoodsSold": 70.641,
        "depreciationAmortization": 3.71,
        "dilutedAverageSharesOutstanding": 506.873,
        "dilutedEPS": 0.3,
        "ebit": 219.405,
        "grossIncome": 749.652,
        "interestExpense": 211.959,
        "interestIncomeExpense": 177.953,
        "minorityInterest": -217.034,
        "netIncome": 153.563,
        "netIncomeAfterTaxes": 378.938,
        "period": "2017-09-30",
        "pretaxIncome": 397.358,
        "provisionforIncomeTaxes": 18.42,
        "revenue": 820.293,
        "sgaExpense": 526.537,
        "totalOperatingExpense": 530.247
      },
      {
        "costOfGoodsSold": 48.677,
        "depreciationAmortization": 3.867,
        "dilutedAverageSharesOutstanding": 501.177,
        "dilutedEPS": 0.81,
        "ebit": 386.072,
        "grossIncome": 1015.8,
        "interestExpense": 198.59,
        "interestIncomeExpense": 500.99,
        "minorityInterest": -454.537,
        "netIncome": 405.646,
        "netIncomeAfterTaxes": 868.524,
        "period": "2017-06-30",
        "pretaxIncome": 887.062,
        "provisionforIncomeTaxes": 18.538,
        "revenue": 1064.477,
        "sgaExpense": 625.861,
        "totalOperatingExpense": 629.728
      },
      {
        "costOfGoodsSold": 88.078,
        "depreciationAmortization": 4.197,
        "dilutedAverageSharesOutstanding": 496.684,
        "dilutedEPS": 0.52,
        "ebit": 227.741,
        "grossIncome": 767.755,
        "interestExpense": 186.854,
        "interestIncomeExpense": 610.695,
        "minorityInterest": -530.21,
        "netIncome": 259.343,
        "netIncomeAfterTaxes": 797.894,
        "period": "2017-03-31",
        "pretaxIncome": 838.436,
        "provisionforIncomeTaxes": 40.542,
        "revenue": 855.833,
        "sgaExpense": 535.817,
        "totalOperatingExpense": 540.014
      },
      {
        "costOfGoodsSold": 22.201,
        "depreciationAmortization": 4.02,
        "dilutedAverageSharesOutstanding": 484.319,
        "dilutedEPS": 0.35,
        "ebit": 28.659,
        "grossIncome": 481.475,
        "interestExpense": 182.141,
        "interestIncomeExpense": 440.148,
        "minorityInterest": -283.697,
        "netIncome": 170.969,
        "netIncomeAfterTaxes": 463.007,
        "period": "2016-12-31",
        "pretaxIncome": 468.807,
        "provisionforIncomeTaxes": 5.8,
        "revenue": 503.676,
        "sgaExpense": 448.796,
        "totalOperatingExpense": 452.816
      },
      {
        "costOfGoodsSold": 46.975,
        "depreciationAmortization": 4.121,
        "dilutedAverageSharesOutstanding": 479.976,
        "dilutedEPS": 0.73,
        "ebit": 175.939,
        "grossIncome": 687.056,
        "interestExpense": 255.105,
        "interestIncomeExpense": 809.649,
        "minorityInterest": -614.409,
        "netIncome": 352.152,
        "netIncomeAfterTaxes": 974.762,
        "period": "2016-09-30",
        "pretaxIncome": 985.588,
        "provisionforIncomeTaxes": 10.826,
        "revenue": 734.031,
        "sgaExpense": 506.996,
        "totalOperatingExpense": 511.117
      },
      {
        "costOfGoodsSold": 37.152,
        "depreciationAmortization": 3.988,
        "dilutedAverageSharesOutstanding": 481.81,
        "dilutedEPS": 0.19,
        "ebit": 153.539,
        "grossIncome": 576.757,
        "interestExpense": 181.313,
        "interestIncomeExpense": 125.737,
        "minorityInterest": -173.648,
        "netIncome": 93.89,
        "netIncomeAfterTaxes": 273.231,
        "period": "2016-06-30",
        "pretaxIncome": 279.276,
        "provisionforIncomeTaxes": 6.045,
        "revenue": 613.909,
        "sgaExpense": 419.23,
        "totalOperatingExpense": 423.218
      },
      {
        "costOfGoodsSold": 22.379,
        "depreciationAmortization": 3.916,
        "dilutedAverageSharesOutstanding": 450.262,
        "dilutedEPS": -0.73,
        "ebit": -145.518,
        "grossIncome": 162.805,
        "interestExpense": 171.394,
        "interestIncomeExpense": -612.928,
        "minorityInterest": 430.397,
        "netIncome": -329.939,
        "netIncomeAfterTaxes": -760.336,
        "period": "2016-03-31",
        "pretaxIncome": -758.446,
        "provisionforIncomeTaxes": 1.89,
        "revenue": 185.184,
        "sgaExpense": 304.407,
        "totalOperatingExpense": 308.323
      },
      {
        "dilutedAverageSharesOutstanding": 489.782,
        "dilutedEPS": 0.07,
        "ebit": -217.172,
        "interestExpense": 170.282,
        "interestIncomeExpense": 1488.563,
        "minorityInterest": -1211.793,
        "netIncome": 32.257,
        "netIncomeAfterTaxes": 1244.05,
        "period": "2015-12-31",
        "pretaxIncome": 1271.391,
        "provisionforIncomeTaxes": 27.341,
        "revenue": 307.923,
        "sgaExpense": 525.095,
        "totalOperatingExpense": 525.095
      },
      {
        "dilutedAverageSharesOutstanding": 452.166,
        "dilutedEPS": -0.42,
        "ebit": -88.294,
        "interestExpense": 151.554,
        "interestIncomeExpense": -1136.991,
        "minorityInterest": 1027.307,
        "netIncome": -190.588,
        "netIncomeAfterTaxes": -1217.895,
        "period": "2015-09-30",
        "pretaxIncome": -1225.285,
        "provisionforIncomeTaxes": -7.39,
        "revenue": 188.626,
        "sgaExpense": 276.92,
        "totalOperatingExpense": 276.92
      }
    ],
    "symbol": "KKR"
  }
}