{
  "symbol": "HSIC",
  "statement": "ic",
  "frequency": "quarterly",
  "timestamp": "2025-09-19T14:01:26.001628",
  "data": {
    "financials": [
      {
        "costOfGoodsSold": 2224,
        "depreciationAmortization": 64,
        "dilutedAverageSharesOutstanding": 122.637,
        "dilutedEPS": 0.7013,
        "ebit": 175,
        "equityEarningsAffiliates": 4,
        "grossIncome": 1016,
        "interestExpense": 38,
        "interestIncomeExpense": -29,
        "minorityInterest": -8,
        "netIncome": 86,
        "netIncomeAfterTaxes": 90,
        "nonRecurringItems": -24,
        "period": "2025-06-28",
        "pretaxIncome": 121,
        "provisionforIncomeTaxes": 31,
        "revenue": 3240,
        "sgaExpense": 777,
        "totalOperatingExpense": 841,
        "totalOtherIncomeExpenseNet": -1
      },
      {
        "costOfGoodsSold": 2168,
        "depreciationAmortization": 62,
        "dilutedAverageSharesOutstanding": 124.8482,
        "dilutedEPS": 0.8811,
        "ebit": 202,
        "equityEarningsAffiliates": 3,
        "grossIncome": 1000,
        "interestExpense": 35,
        "interestIncomeExpense": -29,
        "minorityInterest": -3,
        "netIncome": 110,
        "netIncomeAfterTaxes": 110,
        "nonRecurringItems": -27,
        "period": "2025-03-29",
        "pretaxIncome": 145,
        "provisionforIncomeTaxes": 35,
        "revenue": 3168,
        "sgaExpense": 736,
        "totalOperatingExpense": 798,
        "totalOtherIncomeExpenseNet": -1
      },
      {
        "costOfGoodsSold": 2198,
        "depreciationAmortization": 63,
        "dilutedAverageSharesOutstanding": 125.6214,
        "dilutedEPS": 0.7483,
        "ebit": 193,
        "equityEarningsAffiliates": 1,
        "grossIncome": 993,
        "interestExpense": 35,
        "interestIncomeExpense": -29,
        "minorityInterest": -2,
        "netIncome": 94,
        "netIncomeAfterTaxes": 95,
        "nonRecurringItems": -38,
        "period": "2024-12-28",
        "pretaxIncome": 126,
        "provisionforIncomeTaxes": 31,
        "revenue": 3191,
        "sgaExpense": 737,
        "totalOperatingExpense": 800,
        "totalOtherIncomeExpenseNet": 0
      },
      {
        "costOfGoodsSold": 2181,
        "depreciationAmortization": 64,
        "dilutedAverageSharesOutstanding": 127.0549,
        "dilutedEPS": 0.7792,
        "ebit": 207,
        "equityEarningsAffiliates": 3,
        "grossIncome": 993,
        "interestExpense": 34,
        "interestIncomeExpense": -27,
        "minorityInterest": 0,
        "netIncome": 99,
        "netIncomeAfterTaxes": 96,
        "nonRecurringItems": -50,
        "period": "2024-09-28",
        "pretaxIncome": 128,
        "provisionforIncomeTaxes": 32,
        "revenue": 3174,
        "sgaExpense": 722,
        "totalOperatingExpense": 786,
        "totalOtherIncomeExpenseNet": -2
      },
      {
        "costOfGoodsSold": 2118,
        "depreciationAmortization": 63,
        "dilutedAverageSharesOutstanding": 128.6465,
        "dilutedEPS": 0.8084,
        "ebit": 175,
        "equityEarningsAffiliates": 6,
        "grossIncome": 1018,
        "interestExpense": 32,
        "interestIncomeExpense": -26,
        "minorityInterest": -1,
        "netIncome": 104,
        "netIncomeAfterTaxes": 99,
        "nonRecurringItems": -16,
        "period": "2024-06-29",
        "pretaxIncome": 132,
        "provisionforIncomeTaxes": 33,
        "revenue": 3136,
        "sgaExpense": 780,
        "totalOperatingExpense": 843,
        "totalOtherIncomeExpenseNet": -1
      },
      {
        "costOfGoodsSold": 2160,
        "depreciationAmortization": 61,
        "dilutedAverageSharesOutstanding": 129.7696,
        "dilutedEPS": 0.7167,
        "ebit": 162,
        "equityEarningsAffiliates": 3,
        "grossIncome": 1012,
        "interestExpense": 30,
        "interestIncomeExpense": -25,
        "minorityInterest": -5,
        "netIncome": 93,
        "netIncomeAfterTaxes": 95,
        "nonRecurringItems": -12,
        "period": "2024-03-30",
        "pretaxIncome": 127,
        "provisionforIncomeTaxes": 32,
        "revenue": 3172,
        "sgaExpense": 789,
        "totalOperatingExpense": 850,
        "totalOtherIncomeExpenseNet": 2
      },
      {
        "costOfGoodsSold": 2092,
        "depreciationAmortization": 58,
        "dilutedAverageSharesOutstanding": 130.5452,
        "dilutedEPS": 0.1379,
        "ebit": 64,
        "equityEarningsAffiliates": 4,
        "grossIncome": 925,
        "interestExpense": 29,
        "interestIncomeExpense": -24,
        "minorityInterest": 1,
        "netIncome": 18,
        "netIncomeAfterTaxes": 13,
        "nonRecurringItems": -25,
        "period": "2023-12-30",
        "pretaxIncome": 14,
        "provisionforIncomeTaxes": 1,
        "revenue": 3017,
        "sgaExpense": 803,
        "totalOperatingExpense": 861,
        "totalOtherIncomeExpenseNet": -1
      },
      {
        "costOfGoodsSold": 2167,
        "depreciationAmortization": 59,
        "dilutedAverageSharesOutstanding": 131.4421,
        "dilutedEPS": 1.0423,
        "ebit": 216,
        "equityEarningsAffiliates": 3,
        "grossIncome": 995,
        "interestExpense": 25,
        "interestIncomeExpense": -19,
        "minorityInterest": -6,
        "netIncome": 137,
        "netIncomeAfterTaxes": 140,
        "nonRecurringItems": -16,
        "period": "2023-09-30",
        "pretaxIncome": 179,
        "provisionforIncomeTaxes": 39,
        "revenue": 3162,
        "sgaExpense": 720,
        "totalOperatingExpense": 779,
        "totalOtherIncomeExpenseNet": -2
      },
      {
        "costOfGoodsSold": 2125,
        "depreciationAmortization": 49,
        "dilutedAverageSharesOutstanding": 131.9,
        "dilutedEPS": 1.06,
        "ebit": 219,
        "equityEarningsAffiliates": 3,
        "grossIncome": 975,
        "interestExpense": 19,
        "interestIncomeExpense": -16,
        "minorityInterest": -8,
        "netIncome": 140,
        "netIncomeAfterTaxes": 145,
        "nonRecurringItems": -18,
        "period": "2023-07-01",
        "pretaxIncome": 186,
        "provisionforIncomeTaxes": 41,
        "revenue": 3100,
        "sgaExpense": 707,
        "totalOperatingExpense": 756,
        "totalOtherIncomeExpenseNet": 1
      },
      {
        "costOfGoodsSold": 2094,
        "depreciationAmortization": 44,
        "dilutedAverageSharesOutstanding": 133,
        "dilutedEPS": 0.91,
        "ebit": 205,
        "equityEarningsAffiliates": 4,
        "grossIncome": 966,
        "interestExpense": 14,
        "interestIncomeExpense": -11,
        "minorityInterest": -7,
        "netIncome": 121,
        "netIncomeAfterTaxes": 124,
        "nonRecurringItems": -30,
        "period": "2023-04-01",
        "pretaxIncome": 163,
        "provisionforIncomeTaxes": 39,
        "revenue": 3060,
        "sgaExpense": 717,
        "totalOperatingExpense": 761,
        "totalOtherIncomeExpenseNet": -1
      },
      {
        "costOfGoodsSold": 2372,
        "depreciationAmortization": 45,
        "dilutedAverageSharesOutstanding": 135.6,
        "dilutedEPS": 0.35,
        "ebit": 193,
        "equityEarningsAffiliates": 3,
        "grossIncome": 999,
        "interestExpense": 17,
        "interestIncomeExpense": -9,
        "minorityInterest": -4,
        "netIncome": 47,
        "netIncomeAfterTaxes": 48,
        "nonRecurringItems": -121,
        "period": "2022-12-31",
        "pretaxIncome": 63,
        "provisionforIncomeTaxes": 15,
        "revenue": 3371,
        "sgaExpense": 761,
        "totalOperatingExpense": 806,
        "totalOtherIncomeExpenseNet": 0
      },
      {
        "costOfGoodsSold": 2153,
        "depreciationAmortization": 45,
        "dilutedAverageSharesOutstanding": 137.1,
        "dilutedEPS": 1.09,
        "ebit": 221,
        "equityEarningsAffiliates": 3,
        "grossIncome": 914,
        "interestExpense": 11,
        "interestIncomeExpense": -7,
        "minorityInterest": -12,
        "netIncome": 150,
        "netIncomeAfterTaxes": 159,
        "nonRecurringItems": -10,
        "period": "2022-09-24",
        "pretaxIncome": 205,
        "provisionforIncomeTaxes": 46,
        "revenue": 3067,
        "sgaExpense": 648,
        "totalOperatingExpense": 693,
        "totalOtherIncomeExpenseNet": 1
      },
      {
        "costOfGoodsSold": 2085,
        "depreciationAmortization": 45,
        "dilutedAverageSharesOutstanding": 138.9,
        "dilutedEPS": 1.15,
        "ebit": 220,
        "equityEarningsAffiliates": 5,
        "grossIncome": 945,
        "interestExpense": 9,
        "interestIncomeExpense": -6,
        "minorityInterest": -7,
        "netIncome": 160,
        "netIncomeAfterTaxes": 162,
        "nonRecurringItems": 0,
        "period": "2022-06-25",
        "pretaxIncome": 214,
        "provisionforIncomeTaxes": 52,
        "revenue": 3030,
        "sgaExpense": 680,
        "totalOperatingExpense": 725,
        "totalOtherIncomeExpenseNet": 0
      },
      {
        "costOfGoodsSold": 2206,
        "depreciationAmortization": 47,
        "dilutedAverageSharesOutstanding": 139.2,
        "dilutedEPS": 1.3,
        "ebit": 244,
        "equityEarningsAffiliates": 4,
        "grossIncome": 973,
        "interestExpense": 7,
        "interestIncomeExpense": -5,
        "minorityInterest": -5,
        "netIncome": 181,
        "netIncomeAfterTaxes": 182,
        "nonRecurringItems": 0,
        "period": "2022-03-26",
        "pretaxIncome": 239,
        "provisionforIncomeTaxes": 57,
        "revenue": 3179,
        "sgaExpense": 682,
        "totalOperatingExpense": 729
      },
      {
        "costOfGoodsSold": 2351,
        "dilutedAverageSharesOutstanding": 140.6,
        "dilutedEPS": 1.05,
        "ebit": 205.2,
        "equityEarningsAffiliates": 2.5,
        "grossIncome": 979.5,
        "interestExpense": 8.189,
        "interestIncomeExpense": -6.5,
        "minorityInterest": -4.9,
        "netIncome": 147.2,
        "netIncomeAfterTaxes": 149.7,
        "nonRecurringItems": -4.6,
        "period": "2021-12-25",
        "pretaxIncome": 193,
        "provisionforIncomeTaxes": 43.4,
        "revenue": 3330.5,
        "sgaExpense": 774.4,
        "totalOperatingExpense": 774.4,
        "totalOtherIncomeExpenseNet": -1
      },
      {
        "costOfGoodsSold": 2266.2,
        "dilutedAverageSharesOutstanding": 141.1,
        "dilutedEPS": 1.15,
        "ebit": 210.6,
        "equityEarningsAffiliates": 12.7,
        "grossIncome": 912.1,
        "interestExpense": 6.55,
        "interestIncomeExpense": -5.1,
        "minorityInterest": -7.2,
        "netIncome": 162.3,
        "netIncomeAfterTaxes": 156.8,
        "nonRecurringItems": 0.2,
        "period": "2021-09-25",
        "pretaxIncome": 206.1,
        "provisionforIncomeTaxes": 49.3,
        "revenue": 3178.3,
        "sgaExpense": 701.5,
        "totalOperatingExpense": 701.5,
        "totalOtherIncomeExpenseNet": 0.4
      },
      {
        "costOfGoodsSold": 2077.5,
        "dilutedAverageSharesOutstanding": 141.7,
        "dilutedEPS": 1.1,
        "ebit": 210.9,
        "equityEarningsAffiliates": 6.3,
        "grossIncome": 889.8,
        "interestExpense": 6.376,
        "interestIncomeExpense": -5,
        "minorityInterest": -8.3,
        "netIncome": 155.7,
        "netIncomeAfterTaxes": 157.7,
        "nonRecurringItems": -0.6,
        "period": "2021-06-26",
        "pretaxIncome": 205.7,
        "provisionforIncomeTaxes": 48,
        "revenue": 2967.2,
        "sgaExpense": 678.8,
        "totalOperatingExpense": 678.8,
        "totalOtherIncomeExpenseNet": 0.4
      },
      {
        "costOfGoodsSold": 2034.1,
        "dilutedAverageSharesOutstanding": 143.4,
        "dilutedEPS": 1.16,
        "ebit": 232.8,
        "equityEarningsAffiliates": 5.9,
        "grossIncome": 890.9,
        "interestExpense": 6.485,
        "interestIncomeExpense": -4.5,
        "minorityInterest": -8.9,
        "netIncome": 166,
        "netIncomeAfterTaxes": 169.1,
        "nonRecurringItems": -2.9,
        "period": "2021-03-27",
        "pretaxIncome": 225.7,
        "provisionforIncomeTaxes": 56.7,
        "revenue": 2925,
        "sgaExpense": 658,
        "totalOperatingExpense": 658,
        "totalOtherIncomeExpenseNet": 0.3
      },
      {
        "costOfGoodsSold": 2306.1,
        "dilutedAverageSharesOutstanding": 143.7,
        "dilutedEPS": 0.99,
        "ebit": 185.6,
        "equityEarningsAffiliates": 6.1,
        "grossIncome": 859.6,
        "interestExpense": 11.968,
        "interestIncomeExpense": -9.6,
        "minorityInterest": -4.7,
        "netIncome": 142.6,
        "netIncomeAfterTaxes": 140.5,
        "nonRecurringItems": -4.4,
        "period": "2020-12-26",
        "pretaxIncome": 169.9,
        "provisionforIncomeTaxes": 29.4,
        "revenue": 3165.7,
        "sgaExpense": 674,
        "totalOperatingExpense": 674,
        "totalOtherIncomeExpenseNet": -1.7
      },
      {
        "costOfGoodsSold": 2085.9,
        "dilutedAverageSharesOutstanding": 143.1,
        "dilutedEPS": 0.99,
        "ebit": 194.7,
        "equityEarningsAffiliates": 3.7,
        "grossIncome": 754.3,
        "interestExpense": 11.111,
        "interestIncomeExpense": -8.8,
        "minorityInterest": -10.1,
        "netIncome": 141.7,
        "netIncomeAfterTaxes": 148.2,
        "nonRecurringItems": -7,
        "period": "2020-09-26",
        "pretaxIncome": 177.2,
        "provisionforIncomeTaxes": 29,
        "revenue": 2840.1,
        "sgaExpense": 559.6,
        "totalOperatingExpense": 559.6,
        "totalOtherIncomeExpenseNet": -1.7
      },
      {
        "costOfGoodsSold": 1230.1,
        "dilutedAverageSharesOutstanding": 142.4,
        "dilutedEPS": -0.08,
        "ebit": 8.5,
        "equityEarningsAffiliates": 1.4,
        "grossIncome": 454.3,
        "interestExpense": 10.486,
        "interestIncomeExpense": -8.5,
        "minorityInterest": 2.5,
        "netIncome": -10.8,
        "netIncomeAfterTaxes": -15.3,
        "nonRecurringItems": -15.9,
        "period": "2020-06-27",
        "pretaxIncome": -16.2,
        "provisionforIncomeTaxes": -1,
        "revenue": 1684.4,
        "sgaExpense": 445.8,
        "totalOperatingExpense": 445.8,
        "totalOtherIncomeExpenseNet": -0.3
      },
      {
        "costOfGoodsSold": 1682.9,
        "dilutedAverageSharesOutstanding": 143.1,
        "dilutedEPS": 0.91,
        "ebit": 178.7,
        "equityEarningsAffiliates": 2.7,
        "grossIncome": 746,
        "interestExpense": 7.812,
        "interestIncomeExpense": -4.6,
        "minorityInterest": -3.3,
        "netIncome": 130.3,
        "netIncomeAfterTaxes": 131.1,
        "nonRecurringItems": -4.8,
        "period": "2020-03-28",
        "pretaxIncome": 169,
        "provisionforIncomeTaxes": 37.9,
        "revenue": 2428.9,
        "sgaExpense": 567.4,
        "totalOperatingExpense": 567.3,
        "totalOtherIncomeExpenseNet": -0.2
      },
      {
        "costOfGoodsSold": 1858.3,
        "dilutedAverageSharesOutstanding": 147.3,
        "dilutedEPS": 2.24,
        "ebit": 195.2,
        "equityEarningsAffiliates": 189.9,
        "grossIncome": 810.6,
        "interestExpense": 9.333,
        "interestIncomeExpense": -5.9,
        "minorityInterest": -6.6,
        "netIncome": 329.9,
        "netIncomeAfterTaxes": 147.3,
        "nonRecurringItems": 1.1,
        "period": "2019-12-28",
        "pretaxIncome": 189.5,
        "provisionforIncomeTaxes": 42.2,
        "revenue": 2668.9,
        "sgaExpense": 615.3,
        "totalOperatingExpense": 615.4,
        "totalOtherIncomeExpenseNet": -0.9
      },
      {
        "costOfGoodsSold": 1747.6,
        "dilutedAverageSharesOutstanding": 148.6,
        "dilutedEPS": 0.94,
        "ebit": 186.4,
        "equityEarningsAffiliates": 6.6,
        "grossIncome": 761.2,
        "interestExpense": 12.373,
        "interestIncomeExpense": -8.4,
        "minorityInterest": -8.3,
        "netIncome": 140.6,
        "netIncomeAfterTaxes": 136.6,
        "nonRecurringItems": 0.8,
        "period": "2019-09-28",
        "pretaxIncome": 178.6,
        "provisionforIncomeTaxes": 42,
        "revenue": 2508.8,
        "sgaExpense": 574.8,
        "totalOperatingExpense": 574.8,
        "totalOtherIncomeExpenseNet": -0.2
      },
      {
        "costOfGoodsSold": 1680.4,
        "dilutedAverageSharesOutstanding": 149.4,
        "dilutedEPS": 0.78,
        "ebit": 174.2,
        "equityEarningsAffiliates": 5.6,
        "grossIncome": 767.4,
        "interestExpense": 12.785,
        "interestIncomeExpense": -9.1,
        "minorityInterest": -4.7,
        "netIncome": 114.5,
        "netIncomeAfterTaxes": 115.9,
        "nonRecurringItems": -11.9,
        "period": "2019-06-29",
        "pretaxIncome": 151.7,
        "provisionforIncomeTaxes": 35.9,
        "revenue": 2447.8,
        "sgaExpense": 593.2,
        "totalOperatingExpense": 593.2,
        "totalOtherIncomeExpenseNet": -1.4
      },
      {
        "costOfGoodsSold": 1608.6,
        "dilutedAverageSharesOutstanding": 151.2,
        "dilutedEPS": 0.72,
        "ebit": 177,
        "equityEarningsAffiliates": 2.6,
        "grossIncome": 751.7,
        "interestExpense": 16.301,
        "interestIncomeExpense": -11.5,
        "minorityInterest": -5.2,
        "netIncome": 109.8,
        "netIncomeAfterTaxes": 121,
        "nonRecurringItems": -4.6,
        "period": "2019-03-30",
        "pretaxIncome": 160.5,
        "provisionforIncomeTaxes": 39.5,
        "revenue": 2360.3,
        "sgaExpense": 574.6,
        "totalOperatingExpense": 574.6,
        "totalOtherIncomeExpenseNet": -0.4
      },
      {
        "costOfGoodsSold": 1721.6,
        "dilutedAverageSharesOutstanding": 152.9,
        "dilutedEPS": 0.86,
        "ebit": 192.6,
        "equityEarningsAffiliates": 6.2,
        "grossIncome": 750.9,
        "interestExpense": 21.447,
        "interestIncomeExpense": -17.1,
        "minorityInterest": -7.1,
        "netIncome": 133,
        "netIncomeAfterTaxes": 107,
        "nonRecurringItems": -34.6,
        "period": "2018-12-29",
        "pretaxIncome": 139.5,
        "provisionforIncomeTaxes": 32.5,
        "revenue": 2472.6,
        "sgaExpense": 558.3,
        "totalOperatingExpense": 558.4,
        "totalOtherIncomeExpenseNet": -1.5
      },
      {
        "costOfGoodsSold": 1633.2,
        "dilutedAverageSharesOutstanding": 153.6,
        "dilutedEPS": 0.79,
        "ebit": 170.3,
        "equityEarningsAffiliates": 6.7,
        "grossIncome": 722.4,
        "interestExpense": 20.43,
        "interestIncomeExpense": -16.5,
        "minorityInterest": -5.5,
        "netIncome": 121.5,
        "netIncomeAfterTaxes": 89.5,
        "nonRecurringItems": -47,
        "period": "2018-09-29",
        "pretaxIncome": 106.2,
        "provisionforIncomeTaxes": 16.6,
        "revenue": 2355.6,
        "sgaExpense": 552.1,
        "totalOperatingExpense": 552.1,
        "totalOtherIncomeExpenseNet": -0.6
      },
      {
        "costOfGoodsSold": 1597.7,
        "dilutedAverageSharesOutstanding": 154.2,
        "dilutedEPS": 0.91,
        "ebit": 165.6,
        "equityEarningsAffiliates": 5.3,
        "grossIncome": 718.3,
        "interestExpense": 17.235,
        "interestIncomeExpense": -13.5,
        "minorityInterest": -4,
        "netIncome": 141.2,
        "netIncomeAfterTaxes": 109.3,
        "nonRecurringItems": -8.5,
        "period": "2018-06-30",
        "pretaxIncome": 143.2,
        "provisionforIncomeTaxes": 33.9,
        "revenue": 2316,
        "sgaExpense": 552.7,
        "totalOperatingExpense": 552.7,
        "totalOtherIncomeExpenseNet": -0.4
      },
      {
        "costOfGoodsSold": 1554.3,
        "dilutedAverageSharesOutstanding": 154.1,
        "dilutedEPS": 0.9,
        "ebit": 164.9,
        "equityEarningsAffiliates": 2.8,
        "grossIncome": 719.1,
        "interestExpense": 16.904,
        "interestIncomeExpense": -13.5,
        "minorityInterest": -3.2,
        "netIncome": 140.2,
        "netIncomeAfterTaxes": 111.9,
        "nonRecurringItems": -2.7,
        "period": "2018-03-31",
        "pretaxIncome": 148,
        "provisionforIncomeTaxes": 36.1,
        "revenue": 2273.5,
        "sgaExpense": 554.2,
        "totalOperatingExpense": 554.2,
        "totalOtherIncomeExpenseNet": -0.8
      },
      {
        "costOfGoodsSold": 2417.1,
        "dilutedAverageSharesOutstanding": 155,
        "dilutedEPS": -0.05,
        "ebit": 241.2,
        "equityEarningsAffiliates": 4.3,
        "grossIncome": 901,
        "interestExpense": 16.598,
        "interestIncomeExpense": -12.2,
        "minorityInterest": -17,
        "netIncome": -8.5,
        "netIncomeAfterTaxes": 164.8,
        "nonRecurringItems": 0,
        "period": "2017-12-30",
        "pretaxIncome": 228,
        "provisionforIncomeTaxes": 63.3,
        "revenue": 3318.1,
        "sgaExpense": 659.8,
        "totalOperatingExpense": 659.8,
        "totalOtherIncomeExpenseNet": -0.9
      },
      {
        "costOfGoodsSold": 2325,
        "dilutedAverageSharesOutstanding": 158.3,
        "dilutedEPS": 0.87,
        "ebit": 213.5,
        "equityEarningsAffiliates": 5.6,
        "grossIncome": 836.1,
        "interestExpense": 13.428,
        "interestIncomeExpense": -8.6,
        "minorityInterest": -12.9,
        "netIncome": 138,
        "netIncomeAfterTaxes": 145.4,
        "nonRecurringItems": 0,
        "period": "2017-09-30",
        "pretaxIncome": 204.7,
        "provisionforIncomeTaxes": 59.3,
        "revenue": 3161.1,
        "sgaExpense": 622.5,
        "totalOperatingExpense": 622.5,
        "totalOtherIncomeExpenseNet": -0.2
      },
      {
        "costOfGoodsSold": 2220.3,
        "dilutedAverageSharesOutstanding": 159.1,
        "dilutedEPS": 0.86,
        "ebit": 210.7,
        "equityEarningsAffiliates": 4.6,
        "grossIncome": 839.2,
        "interestExpense": 12.198,
        "interestIncomeExpense": -8.1,
        "minorityInterest": -13.5,
        "netIncome": 136.1,
        "netIncomeAfterTaxes": 145,
        "nonRecurringItems": 0,
        "period": "2017-07-01",
        "pretaxIncome": 203.3,
        "provisionforIncomeTaxes": 58.3,
        "revenue": 3059.5,
        "sgaExpense": 628.5,
        "totalOperatingExpense": 628.5,
        "totalOtherIncomeExpenseNet": 0.7
      },
      {
        "costOfGoodsSold": 2100,
        "dilutedAverageSharesOutstanding": 159.8,
        "dilutedEPS": 0.88,
        "ebit": 194,
        "equityEarningsAffiliates": 2.1,
        "grossIncome": 822.9,
        "interestExpense": 11.43,
        "interestIncomeExpense": -7.1,
        "minorityInterest": -9.5,
        "netIncome": 140.7,
        "netIncomeAfterTaxes": 148.2,
        "nonRecurringItems": 0,
        "period": "2017-04-01",
        "pretaxIncome": 186.8,
        "provisionforIncomeTaxes": 38.6,
        "revenue": 2922.9,
        "sgaExpense": 629,
        "totalOperatingExpense": 629,
        "totalOtherIncomeExpenseNet": 0
      },
      {
        "costOfGoodsSold": 2261.4,
        "dilutedAverageSharesOutstanding": 161,
        "dilutedEPS": 0.86,
        "ebit": 230.1,
        "equityEarningsAffiliates": 5.4,
        "grossIncome": 859.5,
        "interestExpense": 9.911,
        "interestIncomeExpense": -6.7,
        "minorityInterest": -14.3,
        "netIncome": 139.2,
        "netIncomeAfterTaxes": 148.1,
        "nonRecurringItems": -16.1,
        "period": "2016-12-31",
        "pretaxIncome": 207,
        "provisionforIncomeTaxes": 58.9,
        "revenue": 3120.9,
        "sgaExpense": 629.4,
        "totalOperatingExpense": 629.5,
        "totalOtherIncomeExpenseNet": -0.3
      },
      {
        "costOfGoodsSold": 2077.5,
        "dilutedAverageSharesOutstanding": 163.7,
        "dilutedEPS": 0.82,
        "ebit": 206.1,
        "equityEarningsAffiliates": 5.7,
        "grossIncome": 787.7,
        "interestExpense": 7.488,
        "interestIncomeExpense": -4.3,
        "minorityInterest": -11.6,
        "netIncome": 133.7,
        "netIncomeAfterTaxes": 139.6,
        "nonRecurringItems": -5.4,
        "period": "2016-09-24",
        "pretaxIncome": 196.2,
        "provisionforIncomeTaxes": 56.6,
        "revenue": 2865.1,
        "sgaExpense": 581.6,
        "totalOperatingExpense": 581.5,
        "totalOtherIncomeExpenseNet": -0.2
      },
      {
        "costOfGoodsSold": 2071.2,
        "dilutedAverageSharesOutstanding": 164.8,
        "dilutedEPS": 0.73,
        "ebit": 201.1,
        "equityEarningsAffiliates": 4.9,
        "grossIncome": 801.5,
        "interestExpense": 7.367,
        "interestIncomeExpense": -3.8,
        "minorityInterest": -13,
        "netIncome": 120.1,
        "netIncomeAfterTaxes": 128.2,
        "nonRecurringItems": -20.4,
        "period": "2016-06-25",
        "pretaxIncome": 177.1,
        "provisionforIncomeTaxes": 49,
        "revenue": 2872.6,
        "sgaExpense": 600.4,
        "totalOperatingExpense": 600.4,
        "totalOtherIncomeExpenseNet": 0.3
      },
      {
        "costOfGoodsSold": 1935.1,
        "dilutedAverageSharesOutstanding": 165.5,
        "dilutedEPS": 0.69,
        "ebit": 180.3,
        "equityEarningsAffiliates": 2.5,
        "grossIncome": 777.8,
        "interestExpense": 7.127,
        "interestIncomeExpense": -3.8,
        "minorityInterest": -10.8,
        "netIncome": 113.8,
        "netIncomeAfterTaxes": 122,
        "nonRecurringItems": -4.1,
        "period": "2016-03-26",
        "pretaxIncome": 175.6,
        "provisionforIncomeTaxes": 53.5,
        "revenue": 2713,
        "sgaExpense": 597.6,
        "totalOperatingExpense": 597.6,
        "totalOtherIncomeExpenseNet": 3.1
      },
      {
        "costOfGoodsSold": 2051.6,
        "dilutedAverageSharesOutstanding": 167.1,
        "dilutedEPS": 0.78,
        "ebit": 213.1,
        "equityEarningsAffiliates": 3.3,
        "grossIncome": 799.3,
        "interestExpense": 7.158,
        "interestIncomeExpense": -4.1,
        "minorityInterest": -10.9,
        "netIncome": 129.9,
        "netIncomeAfterTaxes": 137.6,
        "nonRecurringItems": -12.4,
        "period": "2015-12-26",
        "pretaxIncome": 196.8,
        "provisionforIncomeTaxes": 59.2,
        "revenue": 2850.9,
        "sgaExpense": 586.2,
        "totalOperatingExpense": 586.2,
        "totalOtherIncomeExpenseNet": 0.2
      },
      {
        "costOfGoodsSold": 1936.9,
        "dilutedAverageSharesOutstanding": 168.2,
        "dilutedEPS": 0.76,
        "ebit": 197.3,
        "equityEarningsAffiliates": 5.2,
        "grossIncome": 748.9,
        "interestExpense": 6.297,
        "interestIncomeExpense": -3.2,
        "minorityInterest": -13.7,
        "netIncome": 127.7,
        "netIncomeAfterTaxes": 136.2,
        "nonRecurringItems": -8.4,
        "period": "2015-09-26",
        "pretaxIncome": 185.4,
        "provisionforIncomeTaxes": 49.2,
        "revenue": 2685.8,
        "sgaExpense": 551.6,
        "totalOperatingExpense": 551.7,
        "totalOtherIncomeExpenseNet": -0.3
      }
    ],
    "symbol": "HSIC"
  }
}