{
  "symbol": "CME",
  "statement": "ic",
  "frequency": "annual",
  "timestamp": "2025-09-19T13:58:07.396569",
  "data": {
    "financials": [
      {
        "depreciationAmortization": 336.8,
        "dilutedAverageSharesOutstanding": 359.944,
        "dilutedEPS": 9.6723,
        "ebit": 8010.6,
        "interestExpense": 160.9,
        "interestIncomeExpense": 190,
        "netIncome": 3481.5,
        "netIncomeAfterTaxes": 3525.8,
        "otherOperatingExpensesTotal": 215.8,
        "period": "2024-12-31",
        "pretaxIncome": 4541.4,
        "provisionforIncomeTaxes": 1015.6,
        "revenue": 10209.2,
        "sgaExpense": 1646,
        "totalOperatingExpense": 2198.6,
        "totalOtherIncomeExpenseNet": -3659.2,
        "year": 2024
      },
      {
        "depreciationAmortization": 352.6,
        "dilutedAverageSharesOutstanding": 359.5,
        "dilutedEPS": 8.86,
        "ebit": 8711,
        "interestExpense": 159.4,
        "interestIncomeExpense": 137.5,
        "minorityInterest": 0,
        "netIncome": 3185.6,
        "netIncomeAfterTaxes": 3226.2,
        "otherOperatingExpensesTotal": 220.6,
        "period": "2023-12-31",
        "pretaxIncome": 4153.6,
        "provisionforIncomeTaxes": 927.4,
        "revenue": 10854.2,
        "sgaExpense": 1570,
        "totalOperatingExpense": 2143.2,
        "totalOtherIncomeExpenseNet": -4694.9,
        "year": 2023
      },
      {
        "depreciationAmortization": 362.6,
        "dilutedAverageSharesOutstanding": 359.181,
        "dilutedEPS": 7.4,
        "ebit": 5214.3,
        "interestExpense": 162.7,
        "interestIncomeExpense": 138.4,
        "minorityInterest": 0,
        "netIncome": 2657.2,
        "netIncomeAfterTaxes": 2691,
        "otherOperatingExpensesTotal": 184.5,
        "period": "2022-12-31",
        "pretaxIncome": 3490.3,
        "provisionforIncomeTaxes": 799.3,
        "revenue": 7217.8,
        "sgaExpense": 1456.4,
        "totalOperatingExpense": 2003.5,
        "totalOtherIncomeExpenseNet": -1862.4,
        "year": 2022
      },
      {
        "depreciationAmortization": 385.4,
        "dilutedAverageSharesOutstanding": 358.929,
        "dilutedEPS": 7.29,
        "ebit": 2952.1,
        "gainLossOnDispositionOfAssets": 30.4,
        "interestExpense": 166.9,
        "interestIncomeExpense": 78.9,
        "minorityInterest": 0.5,
        "netIncome": 2617.1,
        "netIncomeAfterTaxes": 2636.9,
        "nonRecurringItems": 400.7,
        "otherOperatingExpensesTotal": 177,
        "period": "2021-12-31",
        "pretaxIncome": 3373.6,
        "provisionforIncomeTaxes": 736.7,
        "revenue": 4996.6,
        "sgaExpense": 1482.1,
        "totalOperatingExpense": 2044.5,
        "totalOtherIncomeExpenseNet": -88.5,
        "year": 2021
      },
      {
        "depreciationAmortization": 464.4,
        "dilutedAverageSharesOutstanding": 358.524,
        "dilutedEPS": 5.87,
        "ebit": 2820.1,
        "interestExpense": 166.2,
        "interestIncomeExpense": 24.4,
        "minorityInterest": -1.2,
        "netIncome": 2105.2,
        "netIncomeAfterTaxes": 2106.4,
        "otherOperatingExpensesTotal": 223.8,
        "period": "2020-12-31",
        "pretaxIncome": 2722.1,
        "provisionforIncomeTaxes": 615.7,
        "revenue": 5066.3,
        "sgaExpense": 1558,
        "totalOperatingExpense": 2246.2,
        "totalOtherIncomeExpenseNet": -122.4,
        "year": 2020
      },
      {
        "depreciationAmortization": 473.3,
        "dilutedAverageSharesOutstanding": 358.239,
        "dilutedEPS": 5.91,
        "ebit": 3225.7,
        "interestExpense": 178,
        "interestIncomeExpense": -1.2,
        "minorityInterest": 0.7,
        "netIncome": 2116.5,
        "netIncomeAfterTaxes": 2115.8,
        "otherOperatingExpensesTotal": 281.9,
        "period": "2019-12-31",
        "pretaxIncome": 2689.6,
        "provisionforIncomeTaxes": 573.8,
        "revenue": 5505.9,
        "sgaExpense": 1525,
        "totalOperatingExpense": 2280.2,
        "totalOtherIncomeExpenseNet": -534.9,
        "year": 2019
      },
      {
        "depreciationAmortization": 248.7,
        "dilutedAverageSharesOutstanding": 343.737,
        "dilutedEPS": 5.71,
        "ebit": 2607.6,
        "interestExpense": 157.7,
        "interestIncomeExpense": 740.2,
        "minorityInterest": -1.5,
        "netIncome": 1962.2,
        "netIncomeAfterTaxes": 1963.5,
        "otherOperatingExpensesTotal": 327,
        "period": "2018-12-31",
        "pretaxIncome": 2777.8,
        "provisionforIncomeTaxes": 814.3,
        "revenue": 4309.4,
        "sgaExpense": 1126.1,
        "totalOperatingExpense": 1701.8,
        "totalOtherIncomeExpenseNet": -570,
        "year": 2018
      },
      {
        "depreciationAmortization": 208.5,
        "dilutedAverageSharesOutstanding": 340.226,
        "dilutedEPS": 11.94,
        "ebit": 2310.6,
        "interestExpense": 117,
        "interestIncomeExpense": 543.9,
        "minorityInterest": 0,
        "netIncome": 4063.4,
        "netIncomeAfterTaxes": 3961.8,
        "otherOperatingExpensesTotal": 196.2,
        "period": "2017-12-31",
        "pretaxIncome": 2526.3,
        "provisionforIncomeTaxes": -1435.5,
        "revenue": 3644.7,
        "sgaExpense": 929.4,
        "totalOperatingExpense": 1334.1,
        "totalOtherIncomeExpenseNet": -328.2,
        "year": 2017
      },
      {
        "depreciationAmortization": 225.3,
        "dilutedAverageSharesOutstanding": 338.966,
        "dilutedEPS": 4.53,
        "ebit": 2200.5,
        "interestExpense": 123.5,
        "interestIncomeExpense": 128.5,
        "minorityInterest": 0,
        "netIncome": 1534.1,
        "netIncomeAfterTaxes": 1534.1,
        "otherOperatingExpensesTotal": 248.4,
        "period": "2016-12-31",
        "pretaxIncome": 2287.6,
        "provisionforIncomeTaxes": 753.5,
        "revenue": 3595.2,
        "sgaExpense": 921,
        "totalOperatingExpense": 1394.7,
        "totalOtherIncomeExpenseNet": -41.4,
        "year": 2016
      },
      {
        "depreciationAmortization": 228.6,
        "dilutedAverageSharesOutstanding": 337.894,
        "dilutedEPS": 3.69,
        "ebit": 1988.7,
        "interestExpense": 117.4,
        "interestIncomeExpense": 10.9,
        "minorityInterest": 0,
        "netIncome": 1247,
        "netIncomeAfterTaxes": 1247,
        "otherOperatingExpensesTotal": 124.4,
        "period": "2015-12-31",
        "pretaxIncome": 1956.8,
        "provisionforIncomeTaxes": 709.8,
        "revenue": 3326.8,
        "sgaExpense": 985.1,
        "totalOperatingExpense": 1338.1,
        "totalOtherIncomeExpenseNet": -42.8,
        "year": 2015
      }
    ],
    "symbol": "CME"
  }
}