{
  "symbol": "UHS",
  "statement": "ic",
  "frequency": "annual",
  "timestamp": "2025-09-19T14:08:05.082096",
  "data": {
    "financials": [
      {
        "depreciationAmortization": 584.831,
        "dilutedAverageSharesOutstanding": 67.896,
        "dilutedEPS": 16.8205,
        "ebit": 1681.814,
        "interestExpense": 187.534,
        "interestIncomeExpense": -186.109,
        "minorityInterest": -21.012,
        "netIncome": 1142.047,
        "netIncomeAfterTaxes": 1163.109,
        "otherOperatingExpensesTotal": 4308.384,
        "period": "2024-12-31",
        "pretaxIncome": 1497.936,
        "provisionforIncomeTaxes": 334.827,
        "revenue": 15827.935,
        "sgaExpense": 9252.906,
        "totalOperatingExpense": 14146.121,
        "totalOtherIncomeExpenseNet": 2.231,
        "year": 2024
      },
      {
        "depreciationAmortization": 568.041,
        "dilutedAverageSharesOutstanding": 70.125,
        "dilutedEPS": 10.2315,
        "ebit": 1175.381,
        "interestExpense": 207.246,
        "interestIncomeExpense": -206.674,
        "minorityInterest": -1.512,
        "netIncome": 717.487,
        "netIncomeAfterTaxes": 719.307,
        "otherOperatingExpensesTotal": 3757.216,
        "period": "2023-12-31",
        "pretaxIncome": 940.426,
        "provisionforIncomeTaxes": 221.119,
        "revenue": 14281.976,
        "sgaExpense": 8781.338,
        "totalOperatingExpense": 13106.595,
        "totalOtherIncomeExpenseNet": -28.281,
        "year": 2023
      },
      {
        "depreciationAmortization": 581.861,
        "dilutedAverageSharesOutstanding": 73.832,
        "dilutedEPS": 9.1405,
        "ebit": 1003.555,
        "interestExpense": 127.267,
        "interestIncomeExpense": -126.889,
        "minorityInterest": 18.627,
        "netIncome": 674.861,
        "netIncomeAfterTaxes": 656.982,
        "otherOperatingExpensesTotal": 3445.733,
        "period": "2022-12-31",
        "pretaxIncome": 866.26,
        "provisionforIncomeTaxes": 209.278,
        "revenue": 13399.37,
        "sgaExpense": 8368.221,
        "totalOperatingExpense": 12395.815,
        "totalOtherIncomeExpenseNet": -10.406,
        "year": 2022
      },
      {
        "depreciationAmortization": 533.213,
        "dilutedAverageSharesOutstanding": 83.692,
        "dilutedEPS": 11.8235,
        "ebit": 1363.094,
        "interestExpense": 85.268,
        "interestIncomeExpense": -83.672,
        "minorityInterest": 3.958,
        "netIncome": 989.531,
        "netIncomeAfterTaxes": 987.632,
        "nonRecurringItems": -17,
        "otherOperatingExpensesTotal": 3035.869,
        "period": "2021-12-31",
        "pretaxIncome": 1293.313,
        "provisionforIncomeTaxes": 305.681,
        "revenue": 12642.117,
        "sgaExpense": 7709.941,
        "totalOperatingExpense": 11279.023,
        "totalOtherIncomeExpenseNet": 30.891,
        "year": 2021
      },
      {
        "depreciationAmortization": 510,
        "dilutedAverageSharesOutstanding": 86,
        "dilutedEPS": 10.94,
        "ebit": 1358,
        "interestExpense": 109.089,
        "interestIncomeExpense": -106,
        "minorityInterest": -9,
        "netIncome": 941,
        "netIncomeAfterTaxes": 953,
        "otherOperatingExpensesTotal": 2673,
        "period": "2020-12-31",
        "pretaxIncome": 1252,
        "provisionforIncomeTaxes": 299,
        "revenue": 11559,
        "sgaExpense": 7017,
        "totalOperatingExpense": 10201,
        "totalOtherIncomeExpenseNet": 0,
        "year": 2020
      },
      {
        "depreciationAmortization": 490,
        "dilutedAverageSharesOutstanding": 89,
        "dilutedEPS": 9.13,
        "ebit": 1216,
        "interestExpense": 166.602,
        "interestIncomeExpense": -163,
        "minorityInterest": -13,
        "netIncome": 813,
        "netIncomeAfterTaxes": 828,
        "otherOperatingExpensesTotal": 2724,
        "period": "2019-12-31",
        "pretaxIncome": 1066,
        "provisionforIncomeTaxes": 239,
        "revenue": 11378,
        "sgaExpense": 6948,
        "totalOperatingExpense": 10162,
        "totalOtherIncomeExpenseNet": 13,
        "year": 2019
      },
      {
        "depreciationAmortization": 453,
        "dilutedAverageSharesOutstanding": 94,
        "dilutedEPS": 8.28,
        "ebit": 1175,
        "interestExpense": 163.213,
        "interestIncomeExpense": -155,
        "minorityInterest": -18,
        "netIncome": 779,
        "netIncomeAfterTaxes": 792,
        "otherOperatingExpensesTotal": 2615,
        "period": "2018-12-31",
        "pretaxIncome": 1035,
        "provisionforIncomeTaxes": 243,
        "revenue": 10772,
        "sgaExpense": 6529,
        "totalOperatingExpense": 9597,
        "totalOtherIncomeExpenseNet": 14,
        "year": 2018
      },
      {
        "depreciationAmortization": 448,
        "dilutedAverageSharesOutstanding": 96,
        "dilutedEPS": 7.83,
        "ebit": 1280,
        "interestExpense": 142.847,
        "interestIncomeExpense": -145,
        "minorityInterest": -19,
        "netIncome": 752,
        "netIncomeAfterTaxes": 741,
        "otherOperatingExpensesTotal": 2493,
        "period": "2017-12-31",
        "pretaxIncome": 1135,
        "provisionforIncomeTaxes": 394,
        "revenue": 10410,
        "sgaExpense": 6189,
        "totalOperatingExpense": 9130,
        "year": 2017
      },
      {
        "depreciationAmortization": 417,
        "dilutedAverageSharesOutstanding": 98,
        "dilutedEPS": 7.16,
        "ebit": 1281,
        "interestExpense": 116.715,
        "interestIncomeExpense": -125,
        "minorityInterest": -45,
        "netIncome": 702,
        "netIncomeAfterTaxes": 747,
        "nonRecurringItems": 0,
        "otherOperatingExpensesTotal": 2354,
        "period": "2016-12-31",
        "pretaxIncome": 1156,
        "provisionforIncomeTaxes": 409,
        "revenue": 9766,
        "sgaExpense": 5714,
        "totalOperatingExpense": 8485,
        "year": 2016
      },
      {
        "depreciationAmortization": 399,
        "dilutedAverageSharesOutstanding": 101,
        "dilutedEPS": 6.73,
        "ebit": 1259,
        "interestExpense": 103.567,
        "interestIncomeExpense": -113,
        "minorityInterest": -70,
        "netIncome": 680,
        "netIncomeAfterTaxes": 751,
        "nonRecurringItems": 0,
        "otherOperatingExpensesTotal": 2104,
        "period": "2015-12-31",
        "pretaxIncome": 1146,
        "provisionforIncomeTaxes": 395,
        "revenue": 9043,
        "sgaExpense": 5281,
        "totalOperatingExpense": 7784,
        "year": 2015
      }
    ],
    "symbol": "UHS"
  }
}