{
  "symbol": "BAX",
  "statement": "ic",
  "frequency": "annual",
  "timestamp": "2025-09-19T13:56:40.581169",
  "data": {
    "financials": [
      {
        "costOfGoodsSold": 6590,
        "depreciationAmortization": 206,
        "dilutedAverageSharesOutstanding": 510,
        "dilutedEPS": -1.27,
        "ebit": 885,
        "grossIncome": 4046,
        "interestExpense": 409,
        "interestIncomeExpense": -363,
        "minorityInterest": -11,
        "netIncome": -649,
        "netIncomeAfterTaxes": -326,
        "nonRecurringItems": -871,
        "otherOperatingExpensesTotal": -12,
        "period": "2024-12-31",
        "pretaxIncome": -289,
        "provisionforIncomeTaxes": 37,
        "researchDevelopment": 560,
        "revenue": 10636,
        "sgaExpense": 2407,
        "totalOperatingExpense": 3161,
        "totalOtherIncomeExpenseNet": 60,
        "year": 2024
      },
      {
        "costOfGoodsSold": 6180,
        "depreciationAmortization": 207,
        "dilutedAverageSharesOutstanding": 508,
        "dilutedEPS": 5.22,
        "ebit": 1050,
        "grossIncome": 4180,
        "interestExpense": 509,
        "interestIncomeExpense": -485,
        "minorityInterest": -7,
        "netIncome": 2656,
        "netIncomeAfterTaxes": 181,
        "nonRecurringItems": -377,
        "otherOperatingExpensesTotal": -1,
        "period": "2023-12-31",
        "pretaxIncome": 242,
        "provisionforIncomeTaxes": 61,
        "researchDevelopment": 508,
        "revenue": 10360,
        "sgaExpense": 2416,
        "totalOperatingExpense": 3130,
        "totalOtherIncomeExpenseNet": 54,
        "year": 2023
      },
      {
        "costOfGoodsSold": 9690,
        "dilutedAverageSharesOutstanding": 504,
        "dilutedEPS": -4.83,
        "ebit": 1212,
        "grossIncome": 5423,
        "interestExpense": 414,
        "interestIncomeExpense": -400,
        "minorityInterest": -12,
        "netIncome": -2433,
        "netIncomeAfterTaxes": -2421,
        "nonRecurringItems": -3306,
        "period": "2022-12-31",
        "pretaxIncome": -2353,
        "provisionforIncomeTaxes": 68,
        "researchDevelopment": 602,
        "revenue": 15113,
        "sgaExpense": 3609,
        "totalOperatingExpense": 4211,
        "totalOtherIncomeExpenseNet": 141,
        "year": 2022
      },
      {
        "costOfGoodsSold": 7626,
        "dilutedAverageSharesOutstanding": 508,
        "dilutedEPS": 2.53,
        "ebit": 2010,
        "grossIncome": 5158,
        "interestExpense": 212,
        "interestIncomeExpense": -170,
        "minorityInterest": -11,
        "netIncome": 1284,
        "netIncomeAfterTaxes": 1295,
        "nonRecurringItems": -355,
        "period": "2021-12-31",
        "pretaxIncome": 1477,
        "provisionforIncomeTaxes": 182,
        "researchDevelopment": 529,
        "revenue": 12784,
        "sgaExpense": 2619,
        "totalOperatingExpense": 3148,
        "totalOtherIncomeExpenseNet": -8,
        "year": 2021
      },
      {
        "costOfGoodsSold": 7038,
        "dilutedAverageSharesOutstanding": 517,
        "dilutedEPS": 2.13,
        "ebit": 1782,
        "grossIncome": 4635,
        "interestExpense": 153,
        "interestIncomeExpense": -170,
        "minorityInterest": -8,
        "netIncome": 1102,
        "netIncomeAfterTaxes": 1110,
        "nonRecurringItems": -322,
        "period": "2020-12-31",
        "pretaxIncome": 1292,
        "provisionforIncomeTaxes": 182,
        "researchDevelopment": 496,
        "revenue": 11673,
        "sgaExpense": 2357,
        "totalOperatingExpense": 2853,
        "totalOtherIncomeExpenseNet": 2,
        "year": 2020
      },
      {
        "costOfGoodsSold": 6541,
        "dilutedAverageSharesOutstanding": 519,
        "dilutedEPS": 1.92,
        "ebit": 1916,
        "grossIncome": 4821,
        "interestExpense": 111,
        "interestIncomeExpense": -124,
        "minorityInterest": -10,
        "netIncome": 1001,
        "netIncomeAfterTaxes": 817,
        "nonRecurringItems": -899,
        "period": "2019-12-31",
        "pretaxIncome": 970,
        "provisionforIncomeTaxes": 153,
        "researchDevelopment": 508,
        "revenue": 11362,
        "sgaExpense": 2397,
        "totalOperatingExpense": 2905,
        "totalOtherIncomeExpenseNet": 77,
        "year": 2019
      },
      {
        "costOfGoodsSold": 6305,
        "dilutedAverageSharesOutstanding": 546,
        "dilutedEPS": 2.83,
        "ebit": 1817,
        "grossIncome": 4794,
        "interestExpense": 89,
        "interestIncomeExpense": -28,
        "minorityInterest": 0,
        "netIncome": 1546,
        "netIncomeAfterTaxes": 1345,
        "nonRecurringItems": -210,
        "otherOperatingExpensesTotal": -9,
        "period": "2018-12-31",
        "pretaxIncome": 1617,
        "provisionforIncomeTaxes": 272,
        "researchDevelopment": 599,
        "revenue": 11099,
        "sgaExpense": 2387,
        "totalOperatingExpense": 2977,
        "totalOtherIncomeExpenseNet": 38,
        "year": 2018
      },
      {
        "costOfGoodsSold": 6083,
        "dilutedAverageSharesOutstanding": 555,
        "dilutedEPS": 1.08,
        "ebit": 1521,
        "grossIncome": 4501,
        "interestExpense": 82,
        "interestIncomeExpense": -152,
        "minorityInterest": 0,
        "netIncome": 602,
        "netIncomeAfterTaxes": 1194,
        "nonRecurringItems": -268,
        "otherOperatingExpensesTotal": -56,
        "period": "2017-12-31",
        "pretaxIncome": 1100,
        "provisionforIncomeTaxes": -94,
        "researchDevelopment": 617,
        "revenue": 10584,
        "sgaExpense": 2419,
        "totalOperatingExpense": 2980,
        "totalOtherIncomeExpenseNet": -1,
        "year": 2017
      },
      {
        "costOfGoodsSold": 5929,
        "dilutedAverageSharesOutstanding": 551,
        "dilutedEPS": 9.01,
        "ebit": 1336,
        "grossIncome": 4234,
        "interestExpense": 89,
        "interestIncomeExpense": -22,
        "netIncome": 4965,
        "netIncomeAfterTaxes": 4966,
        "nonRecurringItems": 3643,
        "otherOperatingExpensesTotal": 26,
        "period": "2016-12-31",
        "pretaxIncome": 4954,
        "provisionforIncomeTaxes": -12,
        "researchDevelopment": 502,
        "revenue": 10163,
        "sgaExpense": 2370,
        "totalOperatingExpense": 2898,
        "totalOtherIncomeExpenseNet": -3,
        "year": 2016
      },
      {
        "costOfGoodsSold": 5832,
        "dilutedAverageSharesOutstanding": 549,
        "dilutedEPS": 1.76,
        "ebit": 702,
        "grossIncome": 4136,
        "interestExpense": 146,
        "interestIncomeExpense": -106,
        "netIncome": 968,
        "netIncomeAfterTaxes": 393,
        "nonRecurringItems": -380,
        "period": "2015-12-31",
        "pretaxIncome": 428,
        "provisionforIncomeTaxes": 35,
        "researchDevelopment": 602,
        "revenue": 9968,
        "sgaExpense": 2832,
        "totalOperatingExpense": 3434,
        "totalOtherIncomeExpenseNet": 212,
        "year": 2015
      }
    ],
    "symbol": "BAX"
  }
}