{
  "symbol": "UHS",
  "statement": "ic",
  "frequency": "quarterly",
  "timestamp": "2025-09-19T14:08:05.392119",
  "data": {
    "financials": [
      {
        "depreciationAmortization": 152.004,
        "dilutedAverageSharesOutstanding": 64.991,
        "dilutedEPS": 5.4349,
        "ebit": 500.27,
        "interestExpense": 35.713,
        "interestIncomeExpense": -35.364,
        "minorityInterest": -9.394,
        "netIncome": 353.218,
        "netIncomeAfterTaxes": 362.612,
        "otherOperatingExpensesTotal": 1162.566,
        "period": "2025-06-30",
        "pretaxIncome": 473.385,
        "provisionforIncomeTaxes": 110.773,
        "revenue": 4283.816,
        "sgaExpense": 2468.976,
        "totalOperatingExpense": 3783.546,
        "totalOtherIncomeExpenseNet": 8.479
      },
      {
        "depreciationAmortization": 148.345,
        "dilutedAverageSharesOutstanding": 66.037,
        "dilutedEPS": 4.7955,
        "ebit": 454.825,
        "interestExpense": 40.463,
        "interestIncomeExpense": -44.356,
        "minorityInterest": -4.948,
        "netIncome": 316.68,
        "netIncomeAfterTaxes": 321.628,
        "otherOperatingExpensesTotal": 1105.752,
        "period": "2025-03-31",
        "pretaxIncome": 420.428,
        "provisionforIncomeTaxes": 98.8,
        "revenue": 4099.72,
        "sgaExpense": 2390.798,
        "totalOperatingExpense": 3644.895,
        "totalOtherIncomeExpenseNet": 9.959
      },
      {
        "depreciationAmortization": 146.781,
        "dilutedAverageSharesOutstanding": 67.074,
        "dilutedEPS": 4.9557,
        "ebit": 472.489,
        "interestExpense": 40.113,
        "interestIncomeExpense": -39.724,
        "minorityInterest": -4.65,
        "netIncome": 332.397,
        "netIncomeAfterTaxes": 337.047,
        "otherOperatingExpensesTotal": 1142.901,
        "period": "2024-12-31",
        "pretaxIncome": 438.311,
        "provisionforIncomeTaxes": 101.264,
        "revenue": 4113.722,
        "sgaExpense": 2351.551,
        "totalOperatingExpense": 3641.233,
        "totalOtherIncomeExpenseNet": 5.546
      },
      {
        "depreciationAmortization": 149.567,
        "dilutedAverageSharesOutstanding": 68.108,
        "dilutedEPS": 3.7986,
        "ebit": 384.165,
        "interestExpense": 45.028,
        "interestIncomeExpense": -44.66,
        "minorityInterest": -7.196,
        "netIncome": 258.714,
        "netIncomeAfterTaxes": 265.91,
        "nonRecurringItems": -3,
        "otherOperatingExpensesTotal": 1090.197,
        "period": "2024-09-30",
        "pretaxIncome": 341.533,
        "provisionforIncomeTaxes": 75.623,
        "revenue": 3963.027,
        "sgaExpense": 2339.098,
        "totalOperatingExpense": 3578.862,
        "totalOtherIncomeExpenseNet": 5.028
      },
      {
        "depreciationAmortization": 147.48,
        "dilutedAverageSharesOutstanding": 67.92,
        "dilutedEPS": 4.2572,
        "ebit": 436.398,
        "interestExpense": 49.252,
        "interestIncomeExpense": -48.899,
        "minorityInterest": -5.178,
        "netIncome": 289.147,
        "netIncomeAfterTaxes": 294.33,
        "otherOperatingExpensesTotal": 1043.116,
        "period": "2024-06-30",
        "pretaxIncome": 382.006,
        "provisionforIncomeTaxes": 87.676,
        "revenue": 3907.604,
        "sgaExpense": 2280.61,
        "totalOperatingExpense": 3471.206,
        "totalOtherIncomeExpenseNet": -5.493
      },
      {
        "depreciationAmortization": 141.003,
        "dilutedAverageSharesOutstanding": 68.482,
        "dilutedEPS": 3.8227,
        "ebit": 388.762,
        "interestExpense": 53.141,
        "interestIncomeExpense": -52.826,
        "minorityInterest": -3.988,
        "netIncome": 261.789,
        "netIncomeAfterTaxes": 265.822,
        "otherOperatingExpensesTotal": 1032.17,
        "period": "2024-03-31",
        "pretaxIncome": 336.086,
        "provisionforIncomeTaxes": 70.264,
        "revenue": 3843.582,
        "sgaExpense": 2281.647,
        "totalOperatingExpense": 3454.82,
        "totalOtherIncomeExpenseNet": 0.15
      },
      {
        "depreciationAmortization": 145.481,
        "dilutedAverageSharesOutstanding": 68.55,
        "dilutedEPS": 3.1555,
        "ebit": 331.196,
        "interestExpense": 53.703,
        "interestIncomeExpense": -53.589,
        "minorityInterest": -3.244,
        "netIncome": 216.312,
        "netIncomeAfterTaxes": 219.622,
        "otherOperatingExpensesTotal": 998.732,
        "period": "2023-12-31",
        "pretaxIncome": 281.123,
        "provisionforIncomeTaxes": 61.501,
        "revenue": 3703.546,
        "sgaExpense": 2228.137,
        "totalOperatingExpense": 3372.35,
        "totalOtherIncomeExpenseNet": 3.516
      },
      {
        "depreciationAmortization": 137.195,
        "dilutedAverageSharesOutstanding": 69.624,
        "dilutedEPS": 2.3977,
        "ebit": 285.357,
        "interestExpense": 53.484,
        "interestIncomeExpense": -53.378,
        "minorityInterest": -1.019,
        "netIncome": 166.937,
        "netIncomeAfterTaxes": 168.008,
        "otherOperatingExpensesTotal": 941.219,
        "period": "2023-09-30",
        "pretaxIncome": 220.507,
        "provisionforIncomeTaxes": 52.499,
        "revenue": 3562.774,
        "sgaExpense": 2199.003,
        "totalOperatingExpense": 3277.417,
        "totalOtherIncomeExpenseNet": -11.472
      },
      {
        "depreciationAmortization": 143.744,
        "dilutedAverageSharesOutstanding": 70.839,
        "dilutedEPS": 2.4175,
        "ebit": 280.128,
        "interestExpense": 49.053,
        "interestIncomeExpense": -48.831,
        "minorityInterest": 2.011,
        "netIncome": 171.252,
        "netIncomeAfterTaxes": 169.302,
        "otherOperatingExpensesTotal": 938.314,
        "period": "2023-06-30",
        "pretaxIncome": 224.695,
        "provisionforIncomeTaxes": 55.393,
        "revenue": 3548.138,
        "sgaExpense": 2185.952,
        "totalOperatingExpense": 3268.01,
        "totalOtherIncomeExpenseNet": -6.602
      },
      {
        "depreciationAmortization": 141.621,
        "dilutedAverageSharesOutstanding": 71.487,
        "dilutedEPS": 2.2799,
        "ebit": 278.7,
        "interestExpense": 51.006,
        "interestIncomeExpense": -50.876,
        "minorityInterest": 0.74,
        "netIncome": 162.986,
        "netIncomeAfterTaxes": 162.375,
        "otherOperatingExpensesTotal": 878.951,
        "period": "2023-03-31",
        "pretaxIncome": 214.101,
        "provisionforIncomeTaxes": 51.726,
        "revenue": 3467.518,
        "sgaExpense": 2168.246,
        "totalOperatingExpense": 3188.818,
        "totalOtherIncomeExpenseNet": -13.723
      },
      {
        "depreciationAmortization": 148.353,
        "dilutedAverageSharesOutstanding": 71.792,
        "dilutedEPS": 2.4329,
        "ebit": 261.384,
        "interestExpense": 44.082,
        "interestIncomeExpense": -43.887,
        "minorityInterest": 4.451,
        "netIncome": 174.664,
        "netIncomeAfterTaxes": 170.369,
        "otherOperatingExpensesTotal": 919.673,
        "period": "2022-12-31",
        "pretaxIncome": 222.335,
        "provisionforIncomeTaxes": 51.966,
        "revenue": 3446.98,
        "sgaExpense": 2117.57,
        "totalOperatingExpense": 3185.596,
        "totalOtherIncomeExpenseNet": 4.838
      },
      {
        "depreciationAmortization": 145.874,
        "dilutedAverageSharesOutstanding": 73.06,
        "dilutedEPS": 2.4998,
        "ebit": 275.88,
        "interestExpense": 35.76,
        "interestIncomeExpense": -35.653,
        "minorityInterest": 6.003,
        "netIncome": 182.635,
        "netIncomeAfterTaxes": 176.811,
        "otherOperatingExpensesTotal": 837.241,
        "period": "2022-09-30",
        "pretaxIncome": 234.212,
        "provisionforIncomeTaxes": 57.401,
        "revenue": 3336.027,
        "sgaExpense": 2077.032,
        "totalOperatingExpense": 3060.147,
        "totalOtherIncomeExpenseNet": -6.015
      },
      {
        "depreciationAmortization": 143.85,
        "dilutedAverageSharesOutstanding": 74.435,
        "dilutedEPS": 2.2019,
        "ebit": 233.434,
        "interestExpense": 25.739,
        "interestIncomeExpense": -25.676,
        "minorityInterest": 5.281,
        "netIncome": 163.898,
        "netIncomeAfterTaxes": 158.781,
        "otherOperatingExpensesTotal": 867.885,
        "period": "2022-06-30",
        "pretaxIncome": 209.73,
        "provisionforIncomeTaxes": 50.949,
        "revenue": 3323.407,
        "sgaExpense": 2078.238,
        "totalOperatingExpense": 3089.973,
        "totalOtherIncomeExpenseNet": 1.972
      },
      {
        "depreciationAmortization": 143.784,
        "dilutedAverageSharesOutstanding": 76.041,
        "dilutedEPS": 2.0208,
        "ebit": 232.857,
        "interestExpense": 21.686,
        "interestIncomeExpense": -21.673,
        "minorityInterest": 2.892,
        "netIncome": 153.664,
        "netIncomeAfterTaxes": 151.021,
        "otherOperatingExpensesTotal": 820.934,
        "period": "2022-03-31",
        "pretaxIncome": 199.983,
        "provisionforIncomeTaxes": 48.962,
        "revenue": 3292.956,
        "sgaExpense": 2095.381,
        "totalOperatingExpense": 3060.099,
        "totalOtherIncomeExpenseNet": -11.201
      },
      {
        "depreciationAmortization": 133.363,
        "dilutedAverageSharesOutstanding": 79.675,
        "dilutedEPS": 2.9956,
        "ebit": 313.649,
        "interestExpense": 19.333,
        "interestIncomeExpense": -19.217,
        "minorityInterest": 5.213,
        "netIncome": 238.674,
        "netIncomeAfterTaxes": 233.911,
        "nonRecurringItems": 0,
        "otherOperatingExpensesTotal": 802.279,
        "period": "2021-12-31",
        "pretaxIncome": 306.748,
        "provisionforIncomeTaxes": 72.837,
        "revenue": 3275.251,
        "sgaExpense": 2025.96,
        "totalOperatingExpense": 2961.602,
        "totalOtherIncomeExpenseNet": 12.316
      },
      {
        "depreciationAmortization": 134.462,
        "dilutedAverageSharesOutstanding": 83.673,
        "dilutedEPS": 2.6048,
        "ebit": 314.808,
        "interestExpense": 21.365,
        "interestIncomeExpense": -21.199,
        "minorityInterest": -1.024,
        "netIncome": 217.955,
        "netIncomeAfterTaxes": 219.375,
        "nonRecurringItems": -17,
        "otherOperatingExpensesTotal": 754.072,
        "period": "2021-09-30",
        "pretaxIncome": 286.89,
        "provisionforIncomeTaxes": 67.515,
        "revenue": 3155.999,
        "sgaExpense": 1952.657,
        "totalOperatingExpense": 2841.191,
        "totalOtherIncomeExpenseNet": 10.281
      },
      {
        "depreciationAmortization": 133.985,
        "dilutedAverageSharesOutstanding": 85.624,
        "dilutedEPS": 3.7882,
        "ebit": 438.968,
        "interestExpense": 21.709,
        "interestIncomeExpense": -21.299,
        "minorityInterest": -0.252,
        "netIncome": 324.363,
        "netIncomeAfterTaxes": 325.276,
        "otherOperatingExpensesTotal": 769.81,
        "period": "2021-06-30",
        "pretaxIncome": 426.798,
        "provisionforIncomeTaxes": 101.522,
        "revenue": 3197.88,
        "sgaExpense": 1855.117,
        "totalOperatingExpense": 2758.912,
        "totalOtherIncomeExpenseNet": 9.129
      },
      {
        "depreciationAmortization": 131.4,
        "dilutedAverageSharesOutstanding": 85.8,
        "dilutedEPS": 2.43,
        "ebit": 295.7,
        "interestExpense": 22.861,
        "interestIncomeExpense": -24,
        "minorityInterest": 0,
        "netIncome": 208.5,
        "netIncomeAfterTaxes": 209.1,
        "otherOperatingExpensesTotal": 709.7,
        "period": "2021-03-31",
        "pretaxIncome": 272.9,
        "provisionforIncomeTaxes": 63.8,
        "revenue": 3013,
        "sgaExpense": 1876.2,
        "totalOperatingExpense": 2717.3,
        "totalOtherIncomeExpenseNet": 1.2
      },
      {
        "depreciationAmortization": 133.9,
        "dilutedAverageSharesOutstanding": 85.6,
        "dilutedEPS": 3.6,
        "ebit": 414,
        "interestExpense": 21.823,
        "interestIncomeExpense": -19.9,
        "minorityInterest": 1,
        "netIncome": 307.7,
        "netIncomeAfterTaxes": 307.7,
        "otherOperatingExpensesTotal": 690.6,
        "period": "2020-12-31",
        "pretaxIncome": 402.4,
        "provisionforIncomeTaxes": 94.6,
        "revenue": 3086.9,
        "sgaExpense": 1848.5,
        "totalOperatingExpense": 2673,
        "totalOtherIncomeExpenseNet": 8.3
      },
      {
        "depreciationAmortization": 126,
        "dilutedAverageSharesOutstanding": 85.2,
        "dilutedEPS": 2.82,
        "ebit": 349.7,
        "interestExpense": 25.095,
        "interestIncomeExpense": -27.6,
        "minorityInterest": -2.8,
        "netIncome": 240.5,
        "netIncomeAfterTaxes": 244.1,
        "otherOperatingExpensesTotal": 666.7,
        "period": "2020-09-30",
        "pretaxIncome": 323.3,
        "provisionforIncomeTaxes": 79.2,
        "revenue": 2912.5,
        "sgaExpense": 1770.2,
        "totalOperatingExpense": 2562.9,
        "totalOtherIncomeExpenseNet": 1.2
      },
      {
        "depreciationAmortization": 126.2,
        "dilutedAverageSharesOutstanding": 85.1,
        "dilutedEPS": 2.95,
        "ebit": 358,
        "interestExpense": 25.79,
        "interestIncomeExpense": -22.5,
        "minorityInterest": -4.6,
        "netIncome": 251.1,
        "netIncomeAfterTaxes": 256.5,
        "otherOperatingExpensesTotal": 625.7,
        "period": "2020-06-30",
        "pretaxIncome": 335.7,
        "provisionforIncomeTaxes": 79.2,
        "revenue": 2729.8,
        "sgaExpense": 1619.8,
        "totalOperatingExpense": 2371.7,
        "totalOtherIncomeExpenseNet": 0.1
      },
      {
        "depreciationAmortization": 124.4,
        "dilutedAverageSharesOutstanding": 86.5,
        "dilutedEPS": 1.64,
        "ebit": 236.7,
        "interestExpense": 36.381,
        "interestIncomeExpense": -45.4,
        "minorityInterest": -2.4,
        "netIncome": 141.7,
        "netIncomeAfterTaxes": 144.5,
        "otherOperatingExpensesTotal": 689.8,
        "period": "2020-03-31",
        "pretaxIncome": 190.8,
        "provisionforIncomeTaxes": 46.3,
        "revenue": 2829.7,
        "sgaExpense": 1778.8,
        "totalOperatingExpense": 2593,
        "totalOtherIncomeExpenseNet": -0.6
      },
      {
        "depreciationAmortization": 127.7,
        "dilutedAverageSharesOutstanding": 87.6,
        "dilutedEPS": 2.79,
        "ebit": 341,
        "interestExpense": 39.245,
        "interestIncomeExpense": -39.2,
        "minorityInterest": -2.8,
        "netIncome": 244.6,
        "netIncomeAfterTaxes": 248,
        "otherOperatingExpensesTotal": 644.4,
        "period": "2019-12-31",
        "pretaxIncome": 321.2,
        "provisionforIncomeTaxes": 73.1,
        "revenue": 2896.2,
        "sgaExpense": 1783.2,
        "totalOperatingExpense": 2555.3,
        "totalOtherIncomeExpenseNet": 19.3
      },
      {
        "depreciationAmortization": 121.5,
        "dilutedAverageSharesOutstanding": 88.4,
        "dilutedEPS": 1.1,
        "ebit": 188.9,
        "interestExpense": 41.512,
        "interestIncomeExpense": -41.4,
        "minorityInterest": -3.7,
        "netIncome": 96.9,
        "netIncomeAfterTaxes": 100.9,
        "otherOperatingExpensesTotal": 762.2,
        "period": "2019-09-30",
        "pretaxIncome": 138.1,
        "provisionforIncomeTaxes": 37.2,
        "revenue": 2822.5,
        "sgaExpense": 1749.8,
        "totalOperatingExpense": 2633.5,
        "totalOtherIncomeExpenseNet": -9.4
      },
      {
        "depreciationAmortization": 121.2,
        "dilutedAverageSharesOutstanding": 89.2,
        "dilutedEPS": 2.66,
        "ebit": 345.6,
        "interestExpense": 42.992,
        "interestIncomeExpense": -48.5,
        "minorityInterest": -2.9,
        "netIncome": 237.7,
        "netIncomeAfterTaxes": 241.3,
        "otherOperatingExpensesTotal": 672.6,
        "period": "2019-06-30",
        "pretaxIncome": 310.8,
        "provisionforIncomeTaxes": 69.5,
        "revenue": 2855.2,
        "sgaExpense": 1715.9,
        "totalOperatingExpense": 2509.6,
        "totalOtherIncomeExpenseNet": 13.7
      },
      {
        "depreciationAmortization": 120,
        "dilutedAverageSharesOutstanding": 91,
        "dilutedEPS": 2.57,
        "ebit": 340.4,
        "interestExpense": 42.853,
        "interestIncomeExpense": -43.6,
        "minorityInterest": -3.2,
        "netIncome": 233.7,
        "netIncomeAfterTaxes": 237.4,
        "otherOperatingExpensesTotal": 644.8,
        "period": "2019-03-31",
        "pretaxIncome": 296.3,
        "provisionforIncomeTaxes": 58.9,
        "revenue": 2804.4,
        "sgaExpense": 1699.1,
        "totalOperatingExpense": 2464,
        "totalOtherIncomeExpenseNet": -0.5
      },
      {
        "depreciationAmortization": 118.1,
        "dilutedAverageSharesOutstanding": 92.7,
        "dilutedEPS": 1.7,
        "ebit": 259.8,
        "interestExpense": 43.243,
        "interestIncomeExpense": -39.9,
        "minorityInterest": -5.5,
        "netIncome": 157.8,
        "netIncomeAfterTaxes": 157.6,
        "otherOperatingExpensesTotal": 717.9,
        "period": "2018-12-31",
        "pretaxIncome": 207.5,
        "provisionforIncomeTaxes": 49.8,
        "revenue": 2754.5,
        "sgaExpense": 1658.7,
        "totalOperatingExpense": 2494.7,
        "totalOtherIncomeExpenseNet": -12.5
      },
      {
        "depreciationAmortization": 112.3,
        "dilutedAverageSharesOutstanding": 93.3,
        "dilutedEPS": 1.84,
        "ebit": 257.2,
        "interestExpense": 41.51,
        "interestIncomeExpense": -39.5,
        "minorityInterest": -3.1,
        "netIncome": 171.4,
        "netIncomeAfterTaxes": 174.9,
        "otherOperatingExpensesTotal": 651.4,
        "period": "2018-09-30",
        "pretaxIncome": 229.1,
        "provisionforIncomeTaxes": 54.2,
        "revenue": 2648.9,
        "sgaExpense": 1628,
        "totalOperatingExpense": 2391.7,
        "totalOtherIncomeExpenseNet": 11.4
      },
      {
        "depreciationAmortization": 109.6,
        "dilutedAverageSharesOutstanding": 94.3,
        "dilutedEPS": 2.39,
        "ebit": 324.5,
        "interestExpense": 40.072,
        "interestIncomeExpense": -38,
        "minorityInterest": -4.7,
        "netIncome": 225.7,
        "netIncomeAfterTaxes": 230.7,
        "otherOperatingExpensesTotal": 624.5,
        "period": "2018-06-30",
        "pretaxIncome": 301.8,
        "provisionforIncomeTaxes": 71.1,
        "revenue": 2681.4,
        "sgaExpense": 1622.8,
        "totalOperatingExpense": 2356.9,
        "totalOtherIncomeExpenseNet": 15.3
      },
      {
        "depreciationAmortization": 113.1,
        "dilutedAverageSharesOutstanding": 94.7,
        "dilutedEPS": 2.36,
        "ebit": 333.8,
        "interestExpense": 38.388,
        "interestIncomeExpense": -37.6,
        "minorityInterest": -4.8,
        "netIncome": 223.7,
        "netIncomeAfterTaxes": 228.7,
        "otherOperatingExpensesTotal": 620.8,
        "period": "2018-03-31",
        "pretaxIncome": 296.2,
        "provisionforIncomeTaxes": 67.6,
        "revenue": 2687.5,
        "sgaExpense": 1619.8,
        "totalOperatingExpense": 2353.7
      },
      {
        "depreciationAmortization": 113.6,
        "dilutedAverageSharesOutstanding": 94.9,
        "dilutedEPS": 2.31,
        "ebit": 338.7,
        "interestExpense": 36.759,
        "interestIncomeExpense": -36.8,
        "minorityInterest": -5.4,
        "netIncome": 219.5,
        "netIncomeAfterTaxes": 195,
        "otherOperatingExpensesTotal": 625,
        "period": "2017-12-31",
        "pretaxIncome": 302,
        "provisionforIncomeTaxes": 106.9,
        "revenue": 2642.8,
        "sgaExpense": 1565.4,
        "totalOperatingExpense": 2304
      },
      {
        "depreciationAmortization": 110.2,
        "dilutedAverageSharesOutstanding": 96,
        "dilutedEPS": 1.47,
        "ebit": 257.3,
        "interestExpense": 36.727,
        "interestIncomeExpense": -37,
        "minorityInterest": -4.1,
        "netIncome": 141.2,
        "netIncomeAfterTaxes": 145.4,
        "otherOperatingExpensesTotal": 628.5,
        "period": "2017-09-30",
        "pretaxIncome": 220.4,
        "provisionforIncomeTaxes": 75,
        "revenue": 2541.9,
        "sgaExpense": 1545.8,
        "totalOperatingExpense": 2284.6
      },
      {
        "depreciationAmortization": 113.1,
        "dilutedAverageSharesOutstanding": 97,
        "dilutedEPS": 1.91,
        "ebit": 330.2,
        "interestExpense": 35.159,
        "interestIncomeExpense": -35.9,
        "minorityInterest": -5,
        "netIncome": 185.3,
        "netIncomeAfterTaxes": 190.4,
        "otherOperatingExpensesTotal": 632.2,
        "period": "2017-06-30",
        "pretaxIncome": 294.3,
        "provisionforIncomeTaxes": 103.9,
        "revenue": 2612.4,
        "sgaExpense": 1536.9,
        "totalOperatingExpense": 2282.2
      },
      {
        "depreciationAmortization": 110.8,
        "dilutedAverageSharesOutstanding": 97.4,
        "dilutedEPS": 2.12,
        "ebit": 353.9,
        "interestExpense": 34.202,
        "interestIncomeExpense": -35.5,
        "minorityInterest": -4.5,
        "netIncome": 206,
        "netIncomeAfterTaxes": 210.5,
        "otherOperatingExpensesTotal": 607.4,
        "period": "2017-03-31",
        "pretaxIncome": 318.4,
        "provisionforIncomeTaxes": 107.9,
        "revenue": 2612.9,
        "sgaExpense": 1540.8,
        "totalOperatingExpense": 2258.9
      },
      {
        "depreciationAmortization": 107.4,
        "dilutedAverageSharesOutstanding": 97.9,
        "dilutedEPS": 1.78,
        "ebit": 314.2,
        "interestExpense": 31.082,
        "interestIncomeExpense": -32.9,
        "minorityInterest": -4.5,
        "netIncome": 174.1,
        "netIncomeAfterTaxes": 178.7,
        "nonRecurringItems": 0,
        "otherOperatingExpensesTotal": 609.2,
        "period": "2016-12-31",
        "pretaxIncome": 281.3,
        "provisionforIncomeTaxes": 102.6,
        "revenue": 2475.7,
        "sgaExpense": 1444.9,
        "totalOperatingExpense": 2161.5
      },
      {
        "depreciationAmortization": 103.7,
        "dilutedAverageSharesOutstanding": 98.3,
        "dilutedEPS": 1.54,
        "ebit": 277.6,
        "interestExpense": 30.008,
        "interestIncomeExpense": -32.1,
        "minorityInterest": -5.4,
        "netIncome": 151.8,
        "netIncomeAfterTaxes": 157.3,
        "otherOperatingExpensesTotal": 597.3,
        "period": "2016-09-30",
        "pretaxIncome": 245.4,
        "provisionforIncomeTaxes": 88.2,
        "revenue": 2409.9,
        "sgaExpense": 1431.3,
        "totalOperatingExpense": 2132.3
      },
      {
        "depreciationAmortization": 101.4,
        "dilutedAverageSharesOutstanding": 98.4,
        "dilutedEPS": 1.89,
        "ebit": 333.3,
        "interestExpense": 28.264,
        "interestIncomeExpense": -30.4,
        "minorityInterest": -9.9,
        "netIncome": 185.5,
        "netIncomeAfterTaxes": 195.4,
        "otherOperatingExpensesTotal": 586,
        "period": "2016-06-30",
        "pretaxIncome": 302.8,
        "provisionforIncomeTaxes": 107.4,
        "revenue": 2430.9,
        "sgaExpense": 1410.2,
        "totalOperatingExpense": 2097.6
      },
      {
        "depreciationAmortization": 104,
        "dilutedAverageSharesOutstanding": 98.9,
        "dilutedEPS": 1.93,
        "ebit": 356.3,
        "interestExpense": 27.361,
        "interestIncomeExpense": -29.6,
        "minorityInterest": -25,
        "netIncome": 190.7,
        "netIncomeAfterTaxes": 215.7,
        "otherOperatingExpensesTotal": 561.6,
        "period": "2016-03-31",
        "pretaxIncome": 326.7,
        "provisionforIncomeTaxes": 111,
        "revenue": 2449.8,
        "sgaExpense": 1427.8,
        "totalOperatingExpense": 2093.5
      },
      {
        "depreciationAmortization": 102.9,
        "dilutedAverageSharesOutstanding": 100,
        "dilutedEPS": 1.74,
        "ebit": 321.8,
        "interestExpense": 26.523,
        "interestIncomeExpense": -28.6,
        "minorityInterest": -17.6,
        "netIncome": 173.7,
        "netIncomeAfterTaxes": 191.3,
        "nonRecurringItems": 0,
        "otherOperatingExpensesTotal": 534.7,
        "period": "2015-12-31",
        "pretaxIncome": 293.1,
        "provisionforIncomeTaxes": 101.8,
        "revenue": 2315.2,
        "sgaExpense": 1355.8,
        "totalOperatingExpense": 1993.4
      },
      {
        "depreciationAmortization": 99.4,
        "dilutedAverageSharesOutstanding": 101.2,
        "dilutedEPS": 1.48,
        "ebit": 275.2,
        "interestExpense": 25.493,
        "interestIncomeExpense": -27.1,
        "minorityInterest": -13.4,
        "netIncome": 150.2,
        "netIncomeAfterTaxes": 163.7,
        "nonRecurringItems": 0,
        "otherOperatingExpensesTotal": 529,
        "period": "2015-09-30",
        "pretaxIncome": 248,
        "provisionforIncomeTaxes": 84.4,
        "revenue": 2227.7,
        "sgaExpense": 1324,
        "totalOperatingExpense": 1952.5
      }
    ],
    "symbol": "UHS"
  }
}