{
  "symbol": "FIS",
  "statement": "ic",
  "frequency": "annual",
  "timestamp": "2025-09-19T14:00:28.054530",
  "data": {
    "financials": [
      {
        "costOfGoodsSold": 6323,
        "dilutedAverageSharesOutstanding": 555,
        "dilutedEPS": 2.61,
        "ebit": 1761,
        "equityEarningsAffiliates": -145,
        "grossIncome": 3804,
        "interestExpense": 351,
        "interestIncomeExpense": -250,
        "minorityInterest": -3,
        "netIncome": 1450,
        "netIncomeAfterTaxes": 935,
        "nonRecurringItems": -57,
        "otherOperatingExpensesTotal": -142,
        "period": "2024-12-31",
        "pretaxIncome": 1297,
        "provisionforIncomeTaxes": 362,
        "revenue": 10127,
        "sgaExpense": 2185,
        "totalOperatingExpense": 2043,
        "totalOtherIncomeExpenseNet": -157,
        "year": 2024
      },
      {
        "costOfGoodsSold": 6175,
        "dilutedAverageSharesOutstanding": 591,
        "dilutedEPS": -11.26,
        "ebit": 1560,
        "equityEarningsAffiliates": 0,
        "grossIncome": 3656,
        "interestExpense": 713,
        "interestIncomeExpense": -621,
        "minorityInterest": -3,
        "netIncome": -6655,
        "netIncomeAfterTaxes": 505,
        "nonRecurringItems": -121,
        "period": "2023-12-31",
        "pretaxIncome": 662,
        "provisionforIncomeTaxes": 157,
        "revenue": 9831,
        "sgaExpense": 2096,
        "totalOperatingExpense": 2096,
        "totalOtherIncomeExpenseNet": -156,
        "year": 2023
      },
      {
        "costOfGoodsSold": 6259,
        "dilutedAverageSharesOutstanding": 604,
        "dilutedEPS": -27.73,
        "ebit": 1279,
        "equityEarningsAffiliates": 0,
        "grossIncome": 3461,
        "interestExpense": 298,
        "interestIncomeExpense": -281,
        "minorityInterest": -8,
        "netIncome": -16752,
        "netIncomeAfterTaxes": 584,
        "nonRecurringItems": -134,
        "period": "2022-12-31",
        "pretaxIncome": 898,
        "provisionforIncomeTaxes": 314,
        "revenue": 9720,
        "sgaExpense": 2182,
        "totalOperatingExpense": 2182,
        "totalOtherIncomeExpenseNet": 34,
        "year": 2022
      },
      {
        "costOfGoodsSold": 5990,
        "dilutedAverageSharesOutstanding": 621,
        "dilutedEPS": 0.67,
        "ebit": 1234,
        "equityEarningsAffiliates": 6,
        "grossIncome": 3349,
        "interestExpense": 214,
        "interestIncomeExpense": -212,
        "minorityInterest": -2,
        "netIncome": 417,
        "netIncomeAfterTaxes": 316,
        "nonRecurringItems": -194,
        "period": "2021-12-31",
        "pretaxIncome": 719,
        "provisionforIncomeTaxes": 403,
        "revenue": 9339,
        "sgaExpense": 2115,
        "totalOperatingExpense": 2115,
        "totalOtherIncomeExpenseNet": -109,
        "year": 2021
      },
      {
        "costOfGoodsSold": 8348,
        "dilutedAverageSharesOutstanding": 627,
        "dilutedEPS": 0.25,
        "ebit": 688,
        "equityEarningsAffiliates": -6,
        "grossIncome": 4204,
        "interestExpense": 339,
        "interestIncomeExpense": -334,
        "minorityInterest": -6,
        "netIncome": 158,
        "netIncomeAfterTaxes": 170,
        "nonRecurringItems": -136,
        "period": "2020-12-31",
        "pretaxIncome": 266,
        "provisionforIncomeTaxes": 96,
        "revenue": 12552,
        "sgaExpense": 3516,
        "totalOperatingExpense": 3516,
        "totalOtherIncomeExpenseNet": 48,
        "year": 2020
      },
      {
        "costOfGoodsSold": 6610,
        "dilutedAverageSharesOutstanding": 451,
        "dilutedEPS": 0.66,
        "ebit": 1056,
        "equityEarningsAffiliates": -10,
        "grossIncome": 3723,
        "interestExpense": 389,
        "interestIncomeExpense": -337,
        "minorityInterest": -5,
        "netIncome": 298,
        "netIncomeAfterTaxes": 313,
        "nonRecurringItems": -87,
        "period": "2019-12-31",
        "pretaxIncome": 413,
        "provisionforIncomeTaxes": 100,
        "revenue": 10333,
        "sgaExpense": 2667,
        "totalOperatingExpense": 2667,
        "totalOtherIncomeExpenseNet": -219,
        "year": 2019
      },
      {
        "costOfGoodsSold": 5569,
        "dilutedAverageSharesOutstanding": 332,
        "dilutedEPS": 2.55,
        "ebit": 1553,
        "equityEarningsAffiliates": -15,
        "grossIncome": 2854,
        "interestExpense": 314,
        "interestIncomeExpense": -297,
        "minorityInterest": -35,
        "netIncome": 846,
        "netIncomeAfterTaxes": 896,
        "nonRecurringItems": -95,
        "period": "2018-12-31",
        "pretaxIncome": 1104,
        "provisionforIncomeTaxes": 208,
        "revenue": 8423,
        "sgaExpense": 1301,
        "totalOperatingExpense": 1301,
        "totalOtherIncomeExpenseNet": -57,
        "year": 2018
      },
      {
        "costOfGoodsSold": 5794,
        "dilutedAverageSharesOutstanding": 336,
        "dilutedEPS": 3.75,
        "ebit": 1432,
        "equityEarningsAffiliates": -3,
        "grossIncome": 2874,
        "interestExpense": 359,
        "interestIncomeExpense": -337,
        "minorityInterest": -33,
        "netIncome": 1261,
        "netIncomeAfterTaxes": 537,
        "nonRecurringItems": 0,
        "period": "2017-12-31",
        "pretaxIncome": 976,
        "provisionforIncomeTaxes": 439,
        "revenue": 8668,
        "sgaExpense": 1442,
        "totalOperatingExpense": 1442,
        "totalOtherIncomeExpenseNet": -119,
        "year": 2017
      },
      {
        "costOfGoodsSold": 5895,
        "dilutedAverageSharesOutstanding": 330,
        "dilutedEPS": 1.59,
        "ebit": 1229,
        "equityEarningsAffiliates": 0,
        "grossIncome": 2936,
        "interestExpense": 403,
        "interestIncomeExpense": -383,
        "minorityInterest": -22,
        "netIncome": 525,
        "netIncomeAfterTaxes": 546,
        "nonRecurringItems": 0,
        "period": "2016-12-31",
        "pretaxIncome": 837,
        "provisionforIncomeTaxes": 291,
        "revenue": 8831,
        "sgaExpense": 1707,
        "totalOperatingExpense": 1707,
        "totalOtherIncomeExpenseNet": -9,
        "year": 2016
      },
      {
        "costOfGoodsSold": 4395,
        "dilutedAverageSharesOutstanding": 289,
        "dilutedEPS": 2.18,
        "ebit": 1099,
        "grossIncome": 2201,
        "interestExpense": 199,
        "interestIncomeExpense": -183,
        "minorityInterest": -19,
        "netIncome": 632,
        "netIncomeAfterTaxes": 658,
        "period": "2015-12-31",
        "pretaxIncome": 1037,
        "provisionforIncomeTaxes": 379,
        "revenue": 6596,
        "sgaExpense": 1102,
        "totalOperatingExpense": 1102,
        "totalOtherIncomeExpenseNet": 121,
        "year": 2015
      }
    ],
    "symbol": "FIS"
  }
}