{
  "symbol": "SWKS",
  "statement": "ic",
  "frequency": "quarterly",
  "timestamp": "2025-09-19T14:06:41.478998",
  "data": {
    "financials": [
      {
        "costOfGoodsSold": 564,
        "depreciationAmortization": 0.2,
        "dilutedAverageSharesOutstanding": 150.3,
        "dilutedEPS": 0.6986,
        "ebit": 112.1,
        "grossIncome": 401,
        "interestExpense": 6.6,
        "interestIncomeExpense": -6.6,
        "netIncome": 105,
        "netIncomeAfterTaxes": 105,
        "nonRecurringItems": -1.5,
        "period": "2025-06-27",
        "pretaxIncome": 112,
        "provisionforIncomeTaxes": 7,
        "researchDevelopment": 199.4,
        "revenue": 965,
        "sgaExpense": 89.3,
        "totalOperatingExpense": 288.9,
        "totalOtherIncomeExpenseNet": 8
      },
      {
        "costOfGoodsSold": 561.6,
        "depreciationAmortization": 0.2,
        "dilutedAverageSharesOutstanding": 158.8,
        "dilutedEPS": 0.4326,
        "ebit": 116.9,
        "grossIncome": 391.6,
        "interestExpense": 6.8,
        "interestIncomeExpense": -6.8,
        "netIncome": 68.7,
        "netIncomeAfterTaxes": 68.7,
        "nonRecurringItems": -19.6,
        "period": "2025-03-28",
        "pretaxIncome": 102.4,
        "provisionforIncomeTaxes": 33.7,
        "researchDevelopment": 186.5,
        "revenue": 953.2,
        "sgaExpense": 88,
        "totalOperatingExpense": 274.7,
        "totalOtherIncomeExpenseNet": 11.9
      },
      {
        "costOfGoodsSold": 626.6,
        "depreciationAmortization": 0.2,
        "dilutedAverageSharesOutstanding": 161.4,
        "dilutedEPS": 1.0037,
        "ebit": 182.7,
        "grossIncome": 441.9,
        "interestExpense": 6.8,
        "interestIncomeExpense": -6.8,
        "netIncome": 162,
        "netIncomeAfterTaxes": 162,
        "nonRecurringItems": -1.6,
        "period": "2024-12-27",
        "pretaxIncome": 190.4,
        "provisionforIncomeTaxes": 28.4,
        "researchDevelopment": 176.4,
        "revenue": 1068.5,
        "sgaExpense": 82.6,
        "totalOperatingExpense": 259.2,
        "totalOtherIncomeExpenseNet": 16.1
      },
      {
        "costOfGoodsSold": 595.2,
        "depreciationAmortization": 0.2,
        "dilutedAverageSharesOutstanding": 161.8,
        "dilutedEPS": 0.3739,
        "ebit": 191.9,
        "grossIncome": 429.8,
        "interestExpense": 6.9,
        "interestIncomeExpense": -6.9,
        "netIncome": 60.5,
        "netIncomeAfterTaxes": 60.5,
        "nonRecurringItems": -132.5,
        "period": "2024-09-27",
        "pretaxIncome": 58.4,
        "provisionforIncomeTaxes": -2.1,
        "researchDevelopment": 163.6,
        "revenue": 1025,
        "sgaExpense": 74.1,
        "totalOperatingExpense": 237.9,
        "totalOtherIncomeExpenseNet": 5.9
      },
      {
        "costOfGoodsSold": 541.4,
        "depreciationAmortization": 0.2,
        "dilutedAverageSharesOutstanding": 161.4,
        "dilutedEPS": 0.7491,
        "ebit": 132,
        "grossIncome": 364.1,
        "interestExpense": 6.6,
        "interestIncomeExpense": -6.6,
        "netIncome": 120.9,
        "netIncomeAfterTaxes": 120.9,
        "nonRecurringItems": -1.6,
        "period": "2024-06-28",
        "pretaxIncome": 133.4,
        "provisionforIncomeTaxes": 12.5,
        "researchDevelopment": 160.7,
        "revenue": 905.5,
        "sgaExpense": 71.2,
        "totalOperatingExpense": 232.1,
        "totalOtherIncomeExpenseNet": 9.6
      },
      {
        "costOfGoodsSold": 625.7,
        "depreciationAmortization": 0.2,
        "dilutedAverageSharesOutstanding": 161.4,
        "dilutedEPS": 1.1357,
        "ebit": 188.9,
        "grossIncome": 420.3,
        "interestExpense": 7.1,
        "interestIncomeExpense": -7.1,
        "netIncome": 183.3,
        "netIncomeAfterTaxes": 183.3,
        "nonRecurringItems": 0.3,
        "period": "2024-03-29",
        "pretaxIncome": 192.9,
        "provisionforIncomeTaxes": 9.6,
        "researchDevelopment": 154.4,
        "revenue": 1046,
        "sgaExpense": 76.8,
        "totalOperatingExpense": 231.4,
        "totalOtherIncomeExpenseNet": 10.8
      },
      {
        "costOfGoodsSold": 694.9,
        "depreciationAmortization": 0.2,
        "dilutedAverageSharesOutstanding": 161,
        "dilutedEPS": 1.4367,
        "ebit": 274.5,
        "grossIncome": 506.6,
        "interestExpense": 10,
        "interestIncomeExpense": -10,
        "netIncome": 231.3,
        "netIncomeAfterTaxes": 231.3,
        "nonRecurringItems": -16.2,
        "period": "2023-12-29",
        "pretaxIncome": 251.7,
        "provisionforIncomeTaxes": 20.4,
        "researchDevelopment": 153.1,
        "revenue": 1201.5,
        "sgaExpense": 78.8,
        "totalOperatingExpense": 232.1,
        "totalOtherIncomeExpenseNet": 3.4
      },
      {
        "costOfGoodsSold": 740.7,
        "depreciationAmortization": 3.7,
        "dilutedAverageSharesOutstanding": 161.2,
        "dilutedEPS": 1.52,
        "ebit": 254.3,
        "grossIncome": 478.1,
        "interestExpense": 12.4,
        "interestIncomeExpense": -12.4,
        "netIncome": 244.8,
        "netIncomeAfterTaxes": 244.8,
        "nonRecurringItems": -0.3,
        "period": "2023-09-29",
        "pretaxIncome": 246.2,
        "provisionforIncomeTaxes": 1.4,
        "researchDevelopment": 146.8,
        "revenue": 1218.8,
        "sgaExpense": 73.3,
        "totalOperatingExpense": 223.8,
        "totalOtherIncomeExpenseNet": 4.6
      },
      {
        "costOfGoodsSold": 607.1,
        "depreciationAmortization": 3.8,
        "dilutedAverageSharesOutstanding": 160,
        "dilutedEPS": 1.22,
        "ebit": 235.1,
        "grossIncome": 464.1,
        "interestExpense": 16.2,
        "interestIncomeExpense": -16.2,
        "netIncome": 195.8,
        "netIncomeAfterTaxes": 195.8,
        "nonRecurringItems": -4.4,
        "period": "2023-06-30",
        "pretaxIncome": 222.1,
        "provisionforIncomeTaxes": 26.3,
        "researchDevelopment": 148,
        "revenue": 1071.2,
        "sgaExpense": 77.2,
        "totalOperatingExpense": 229,
        "totalOtherIncomeExpenseNet": 7.6
      },
      {
        "costOfGoodsSold": 625.7,
        "depreciationAmortization": 3.8,
        "dilutedAverageSharesOutstanding": 159.9,
        "dilutedEPS": 1.46,
        "ebit": 296.4,
        "grossIncome": 527.4,
        "interestExpense": 18.9,
        "interestIncomeExpense": -18.9,
        "netIncome": 232.8,
        "netIncomeAfterTaxes": 232.8,
        "nonRecurringItems": -23.1,
        "period": "2023-03-31",
        "pretaxIncome": 259.8,
        "provisionforIncomeTaxes": 27,
        "researchDevelopment": 148.2,
        "revenue": 1153.1,
        "sgaExpense": 79,
        "totalOperatingExpense": 231,
        "totalOtherIncomeExpenseNet": 5.4
      },
      {
        "costOfGoodsSold": 691.6,
        "depreciationAmortization": 21.9,
        "dilutedAverageSharesOutstanding": 160.2,
        "dilutedEPS": 1.93,
        "ebit": 367.4,
        "grossIncome": 637.7,
        "interestExpense": 16.9,
        "interestIncomeExpense": -16.9,
        "netIncome": 309.4,
        "netIncomeAfterTaxes": 309.4,
        "nonRecurringItems": -0.4,
        "period": "2022-12-30",
        "pretaxIncome": 350.7,
        "provisionforIncomeTaxes": 41.3,
        "researchDevelopment": 163.9,
        "revenue": 1329.3,
        "sgaExpense": 84.5,
        "totalOperatingExpense": 270.3,
        "totalOtherIncomeExpenseNet": 0.6
      },
      {
        "costOfGoodsSold": 738.3,
        "depreciationAmortization": 21.9,
        "dilutedAverageSharesOutstanding": 160.9,
        "dilutedEPS": 1.88,
        "ebit": 409.5,
        "grossIncome": 668.6,
        "interestExpense": 14.3,
        "interestIncomeExpense": -14.3,
        "netIncome": 302.2,
        "netIncomeAfterTaxes": 302.2,
        "nonRecurringItems": -21.4,
        "period": "2022-09-30",
        "pretaxIncome": 372.2,
        "provisionforIncomeTaxes": 70,
        "researchDevelopment": 149.5,
        "revenue": 1406.9,
        "sgaExpense": 87.7,
        "totalOperatingExpense": 259.1,
        "totalOtherIncomeExpenseNet": -1.6
      },
      {
        "costOfGoodsSold": 649.3,
        "depreciationAmortization": 21.9,
        "dilutedAverageSharesOutstanding": 161.5,
        "dilutedEPS": 1.66,
        "ebit": 327.9,
        "grossIncome": 583.3,
        "interestExpense": 11.3,
        "interestIncomeExpense": -11.3,
        "netIncome": 267.3,
        "netIncomeAfterTaxes": 267.3,
        "nonRecurringItems": -2.1,
        "period": "2022-07-01",
        "pretaxIncome": 314.1,
        "provisionforIncomeTaxes": 46.8,
        "researchDevelopment": 156.5,
        "revenue": 1232.6,
        "sgaExpense": 77,
        "totalOperatingExpense": 255.4,
        "totalOtherIncomeExpenseNet": -0.4
      },
      {
        "costOfGoodsSold": 698,
        "depreciationAmortization": 21.9,
        "dilutedAverageSharesOutstanding": 164.4,
        "dilutedEPS": 1.86,
        "ebit": 372,
        "grossIncome": 637.6,
        "interestExpense": 11.4,
        "interestIncomeExpense": -11.4,
        "netIncome": 305.8,
        "netIncomeAfterTaxes": 305.8,
        "nonRecurringItems": -4.7,
        "period": "2022-04-01",
        "pretaxIncome": 354.1,
        "provisionforIncomeTaxes": 48.3,
        "researchDevelopment": 160.7,
        "revenue": 1335.6,
        "sgaExpense": 83,
        "totalOperatingExpense": 265.6,
        "totalOtherIncomeExpenseNet": -1.8
      },
      {
        "costOfGoodsSold": 795.7,
        "depreciationAmortization": 33.3,
        "dilutedAverageSharesOutstanding": 166.4,
        "dilutedEPS": 2.4,
        "ebit": 448.3,
        "grossIncome": 714.7,
        "interestExpense": 11,
        "interestIncomeExpense": -11,
        "netIncome": 399.9,
        "netIncomeAfterTaxes": 399.9,
        "nonRecurringItems": -2.4,
        "period": "2021-12-31",
        "pretaxIncome": 436.1,
        "provisionforIncomeTaxes": 36.2,
        "researchDevelopment": 151.1,
        "revenue": 1510.4,
        "sgaExpense": 82,
        "totalOperatingExpense": 266.4,
        "totalOtherIncomeExpenseNet": 1.2
      },
      {
        "costOfGoodsSold": 697.2,
        "depreciationAmortization": 28.1,
        "dilutedAverageSharesOutstanding": 167.3,
        "dilutedEPS": 1.95,
        "ebit": 335.9,
        "grossIncome": 613.7,
        "interestExpense": 10.9,
        "interestIncomeExpense": -10.8,
        "netIncome": 326.3,
        "netIncomeAfterTaxes": 326.3,
        "nonRecurringItems": -8.4,
        "period": "2021-10-01",
        "pretaxIncome": 316.2,
        "provisionforIncomeTaxes": -10.1,
        "researchDevelopment": 149.2,
        "revenue": 1310.9,
        "sgaExpense": 100.5,
        "totalOperatingExpense": 277.8,
        "totalOtherIncomeExpenseNet": -0.5
      },
      {
        "costOfGoodsSold": 557.8,
        "depreciationAmortization": 2.4,
        "dilutedAverageSharesOutstanding": 167,
        "dilutedEPS": 2.02,
        "ebit": 340.3,
        "grossIncome": 558.6,
        "interestExpense": 2.6,
        "interestIncomeExpense": -2.2,
        "netIncome": 337.8,
        "netIncomeAfterTaxes": 337.8,
        "nonRecurringItems": -0.5,
        "period": "2021-07-02",
        "pretaxIncome": 336.2,
        "provisionforIncomeTaxes": -1.6,
        "researchDevelopment": 130.8,
        "revenue": 1116.4,
        "sgaExpense": 85.1,
        "totalOperatingExpense": 218.3,
        "totalOtherIncomeExpenseNet": -1.4
      },
      {
        "costOfGoodsSold": 593.4,
        "depreciationAmortization": 2.8,
        "dilutedAverageSharesOutstanding": 166.8,
        "dilutedEPS": 1.95,
        "ebit": 374.7,
        "grossIncome": 578.4,
        "netIncome": 325,
        "netIncomeAfterTaxes": 325,
        "nonRecurringItems": 0,
        "period": "2021-04-02",
        "pretaxIncome": 375.5,
        "provisionforIncomeTaxes": 50.5,
        "researchDevelopment": 130.7,
        "revenue": 1171.8,
        "sgaExpense": 70.2,
        "totalOperatingExpense": 203.7,
        "totalOtherIncomeExpenseNet": 0.8
      },
      {
        "costOfGoodsSold": 748.3,
        "depreciationAmortization": 2.8,
        "dilutedAverageSharesOutstanding": 167,
        "dilutedEPS": 3.05,
        "ebit": 570.7,
        "grossIncome": 761.7,
        "netIncome": 509.3,
        "netIncomeAfterTaxes": 509.3,
        "nonRecurringItems": 0,
        "period": "2021-01-01",
        "pretaxIncome": 570.9,
        "provisionforIncomeTaxes": 61.6,
        "researchDevelopment": 121.6,
        "revenue": 1510,
        "sgaExpense": 66.6,
        "totalOperatingExpense": 191,
        "totalOtherIncomeExpenseNet": 0.2
      },
      {
        "costOfGoodsSold": 497.9,
        "depreciationAmortization": 2.8,
        "dilutedAverageSharesOutstanding": 168.7,
        "dilutedEPS": 1.46,
        "ebit": 267.6,
        "grossIncome": 458.9,
        "netIncome": 246.9,
        "netIncomeAfterTaxes": 247.1,
        "nonRecurringItems": 0,
        "period": "2020-10-02",
        "pretaxIncome": 266.1,
        "provisionforIncomeTaxes": 19,
        "researchDevelopment": 126.2,
        "revenue": 956.8,
        "sgaExpense": 62.3,
        "totalOperatingExpense": 191.3,
        "totalOtherIncomeExpenseNet": -1.5
      },
      {
        "costOfGoodsSold": 402.7,
        "depreciationAmortization": 2.8,
        "dilutedAverageSharesOutstanding": 168.3,
        "dilutedEPS": 0.77,
        "ebit": 159.3,
        "grossIncome": 334.1,
        "netIncome": 129.7,
        "netIncomeAfterTaxes": 129.7,
        "nonRecurringItems": -11.8,
        "period": "2020-06-26",
        "pretaxIncome": 144,
        "provisionforIncomeTaxes": 14.3,
        "researchDevelopment": 117,
        "revenue": 736.8,
        "sgaExpense": 55,
        "totalOperatingExpense": 174.8,
        "totalOtherIncomeExpenseNet": -3.5
      },
      {
        "costOfGoodsSold": 390.5,
        "depreciationAmortization": 3.1,
        "dilutedAverageSharesOutstanding": 171.1,
        "dilutedEPS": 1.06,
        "ebit": 200.7,
        "grossIncome": 375.6,
        "netIncome": 181.1,
        "netIncomeAfterTaxes": 181.1,
        "nonRecurringItems": -1.2,
        "period": "2020-03-27",
        "pretaxIncome": 203,
        "provisionforIncomeTaxes": 21.9,
        "researchDevelopment": 113.2,
        "revenue": 766.1,
        "sgaExpense": 58.6,
        "totalOperatingExpense": 174.9,
        "totalOtherIncomeExpenseNet": 3.5
      },
      {
        "costOfGoodsSold": 451.8,
        "depreciationAmortization": 3.1,
        "dilutedAverageSharesOutstanding": 171.6,
        "dilutedEPS": 1.5,
        "ebit": 278.1,
        "grossIncome": 444.3,
        "netIncome": 257.1,
        "netIncomeAfterTaxes": 257.1,
        "nonRecurringItems": -0.8,
        "period": "2019-12-27",
        "pretaxIncome": 278.7,
        "provisionforIncomeTaxes": 21.6,
        "researchDevelopment": 107.7,
        "revenue": 896.1,
        "sgaExpense": 55.4,
        "totalOperatingExpense": 166.2,
        "totalOtherIncomeExpenseNet": 1.4
      },
      {
        "costOfGoodsSold": 421.4,
        "depreciationAmortization": 4,
        "dilutedAverageSharesOutstanding": 172.4,
        "dilutedEPS": 1.22,
        "ebit": 239.4,
        "grossIncome": 406,
        "netIncome": 210.6,
        "netIncomeAfterTaxes": 218.7,
        "nonRecurringItems": -5.5,
        "period": "2019-09-27",
        "pretaxIncome": 234,
        "provisionforIncomeTaxes": 15.3,
        "researchDevelopment": 106.8,
        "revenue": 827.4,
        "sgaExpense": 55.8,
        "totalOperatingExpense": 166.6,
        "totalOtherIncomeExpenseNet": 0.1
      },
      {
        "costOfGoodsSold": 454.5,
        "depreciationAmortization": 5.5,
        "dilutedAverageSharesOutstanding": 173.4,
        "dilutedEPS": 0.83,
        "ebit": 159.6,
        "grossIncome": 312.5,
        "netIncome": 144.1,
        "netIncomeAfterTaxes": 144.1,
        "nonRecurringItems": 0,
        "period": "2019-06-28",
        "pretaxIncome": 161.9,
        "provisionforIncomeTaxes": 17.8,
        "researchDevelopment": 100.6,
        "revenue": 767,
        "sgaExpense": 46.8,
        "totalOperatingExpense": 152.9,
        "totalOtherIncomeExpenseNet": 2.3
      },
      {
        "costOfGoodsSold": 410.2,
        "depreciationAmortization": 5.7,
        "dilutedAverageSharesOutstanding": 174.6,
        "dilutedEPS": 1.23,
        "ebit": 239.1,
        "grossIncome": 400.2,
        "netIncome": 214,
        "netIncomeAfterTaxes": 214,
        "nonRecurringItems": -1.5,
        "period": "2019-03-29",
        "pretaxIncome": 241.3,
        "provisionforIncomeTaxes": 27.3,
        "researchDevelopment": 107.5,
        "revenue": 810.4,
        "sgaExpense": 47.9,
        "totalOperatingExpense": 161.1,
        "totalOtherIncomeExpenseNet": 3.7
      },
      {
        "costOfGoodsSold": 486.9,
        "depreciationAmortization": 7.4,
        "dilutedAverageSharesOutstanding": 177.7,
        "dilutedEPS": 1.6,
        "ebit": 320.7,
        "grossIncome": 485.1,
        "netIncome": 284.9,
        "netIncomeAfterTaxes": 284.9,
        "nonRecurringItems": 0.2,
        "period": "2018-12-28",
        "pretaxIncome": 323.8,
        "provisionforIncomeTaxes": 38.9,
        "researchDevelopment": 109.2,
        "revenue": 972,
        "sgaExpense": 47.8,
        "totalOperatingExpense": 164.4,
        "totalOtherIncomeExpenseNet": 2.9
      },
      {
        "costOfGoodsSold": 504.8,
        "depreciationAmortization": 6.3,
        "dilutedAverageSharesOutstanding": 180.2,
        "dilutedEPS": 1.58,
        "ebit": 339.9,
        "grossIncome": 503.6,
        "netIncome": 285.5,
        "netIncomeAfterTaxes": 271.9,
        "nonRecurringItems": 0.2,
        "period": "2018-09-28",
        "pretaxIncome": 343.4,
        "provisionforIncomeTaxes": 71.5,
        "researchDevelopment": 103,
        "revenue": 1008.4,
        "sgaExpense": 54.4,
        "totalOperatingExpense": 163.7,
        "totalOtherIncomeExpenseNet": 3.3
      },
      {
        "costOfGoodsSold": 442.7,
        "depreciationAmortization": 3.9,
        "dilutedAverageSharesOutstanding": 182.8,
        "dilutedEPS": 1.55,
        "ebit": 306.3,
        "grossIncome": 451.6,
        "netIncome": 286.5,
        "netIncomeAfterTaxes": 283.6,
        "nonRecurringItems": 0,
        "period": "2018-06-29",
        "pretaxIncome": 310.8,
        "provisionforIncomeTaxes": 27.2,
        "researchDevelopment": 96.8,
        "revenue": 894.3,
        "sgaExpense": 44.6,
        "totalOperatingExpense": 145.3,
        "totalOtherIncomeExpenseNet": 4.5
      },
      {
        "costOfGoodsSold": 454.7,
        "depreciationAmortization": 4.1,
        "dilutedAverageSharesOutstanding": 184.3,
        "dilutedEPS": 1.49,
        "ebit": 290.4,
        "grossIncome": 458.7,
        "netIncome": 276,
        "netIncomeAfterTaxes": 259.1,
        "nonRecurringItems": -1,
        "period": "2018-03-30",
        "pretaxIncome": 292.3,
        "provisionforIncomeTaxes": 33.2,
        "researchDevelopment": 106.7,
        "revenue": 913.4,
        "sgaExpense": 57.5,
        "totalOperatingExpense": 168.3,
        "totalOtherIncomeExpenseNet": 2.9
      },
      {
        "costOfGoodsSold": 515.1,
        "depreciationAmortization": 4,
        "dilutedAverageSharesOutstanding": 185.5,
        "dilutedEPS": 0.37,
        "ebit": 383.5,
        "grossIncome": 536.8,
        "netIncome": 70.4,
        "netIncomeAfterTaxes": 346.7,
        "nonRecurringItems": 0,
        "period": "2017-12-29",
        "pretaxIncome": 385.6,
        "provisionforIncomeTaxes": 38.9,
        "researchDevelopment": 98,
        "revenue": 1051.9,
        "sgaExpense": 51.3,
        "totalOperatingExpense": 153.3,
        "totalOtherIncomeExpenseNet": 2.1
      },
      {
        "costOfGoodsSold": 485.7,
        "depreciationAmortization": 5,
        "dilutedAverageSharesOutstanding": 185.8,
        "dilutedEPS": 1.51,
        "ebit": 345.7,
        "grossIncome": 498.9,
        "netIncome": 281.3,
        "netIncomeAfterTaxes": 281.3,
        "nonRecurringItems": 0.2,
        "period": "2017-09-29",
        "pretaxIncome": 347.7,
        "provisionforIncomeTaxes": 66.4,
        "researchDevelopment": 91.8,
        "revenue": 984.6,
        "sgaExpense": 56.4,
        "totalOperatingExpense": 153.2,
        "totalOtherIncomeExpenseNet": 1.8
      },
      {
        "costOfGoodsSold": 447.2,
        "depreciationAmortization": 7.1,
        "dilutedAverageSharesOutstanding": 186.6,
        "dilutedEPS": 1.32,
        "ebit": 305,
        "grossIncome": 453.6,
        "netIncome": 246.2,
        "netIncomeAfterTaxes": 246.2,
        "nonRecurringItems": -0.2,
        "period": "2017-06-30",
        "pretaxIncome": 306.8,
        "provisionforIncomeTaxes": 60.6,
        "researchDevelopment": 92,
        "revenue": 900.8,
        "sgaExpense": 49.5,
        "totalOperatingExpense": 148.6,
        "totalOtherIncomeExpenseNet": 2
      },
      {
        "costOfGoodsSold": 426.3,
        "depreciationAmortization": 7,
        "dilutedAverageSharesOutstanding": 187.1,
        "dilutedEPS": 1.2,
        "ebit": 281.2,
        "grossIncome": 425.4,
        "netIncome": 224.9,
        "netIncomeAfterTaxes": 224.9,
        "nonRecurringItems": 0,
        "period": "2017-03-31",
        "pretaxIncome": 281.4,
        "provisionforIncomeTaxes": 56.5,
        "researchDevelopment": 89.4,
        "revenue": 851.7,
        "sgaExpense": 47.8,
        "totalOperatingExpense": 144.2,
        "totalOtherIncomeExpenseNet": 0.2
      },
      {
        "costOfGoodsSold": 450.4,
        "depreciationAmortization": 8.5,
        "dilutedAverageSharesOutstanding": 187.3,
        "dilutedEPS": 1.38,
        "ebit": 322.5,
        "grossIncome": 463.9,
        "netIncome": 257.8,
        "netIncomeAfterTaxes": 257.8,
        "nonRecurringItems": -0.6,
        "period": "2016-12-30",
        "pretaxIncome": 321.1,
        "provisionforIncomeTaxes": 63.3,
        "researchDevelopment": 82,
        "revenue": 914.3,
        "sgaExpense": 50.9,
        "totalOperatingExpense": 141.4,
        "totalOtherIncomeExpenseNet": -0.8
      },
      {
        "costOfGoodsSold": 411,
        "depreciationAmortization": 6.4,
        "dilutedAverageSharesOutstanding": 188.8,
        "dilutedEPS": 1.31,
        "ebit": 291.5,
        "grossIncome": 424.4,
        "netIncome": 246.8,
        "netIncomeAfterTaxes": 246.8,
        "nonRecurringItems": 0.4,
        "period": "2016-09-30",
        "pretaxIncome": 291.1,
        "provisionforIncomeTaxes": 44.3,
        "researchDevelopment": 73.2,
        "revenue": 835.4,
        "sgaExpense": 53.3,
        "totalOperatingExpense": 132.9,
        "totalOtherIncomeExpenseNet": -0.8
      },
      {
        "costOfGoodsSold": 373.4,
        "depreciationAmortization": 10,
        "dilutedAverageSharesOutstanding": 191.7,
        "dilutedEPS": 0.97,
        "ebit": 243.5,
        "grossIncome": 378.3,
        "netIncome": 185,
        "netIncomeAfterTaxes": 185,
        "nonRecurringItems": -4.9,
        "period": "2016-07-01",
        "pretaxIncome": 236.2,
        "provisionforIncomeTaxes": 51.2,
        "researchDevelopment": 77.9,
        "revenue": 751.7,
        "sgaExpense": 46.9,
        "totalOperatingExpense": 134.8,
        "totalOtherIncomeExpenseNet": -2.4
      },
      {
        "costOfGoodsSold": 384.7,
        "depreciationAmortization": 8.6,
        "dilutedAverageSharesOutstanding": 193.3,
        "dilutedEPS": 1.08,
        "ebit": 258,
        "grossIncome": 390.4,
        "netIncome": 208.1,
        "netIncomeAfterTaxes": 208.1,
        "nonRecurringItems": -0.3,
        "period": "2016-04-01",
        "pretaxIncome": 255.1,
        "provisionforIncomeTaxes": 47,
        "researchDevelopment": 79.8,
        "revenue": 775.1,
        "sgaExpense": 44,
        "totalOperatingExpense": 132.4,
        "totalOtherIncomeExpenseNet": -2.6
      },
      {
        "costOfGoodsSold": 454.7,
        "depreciationAmortization": 8.4,
        "dilutedAverageSharesOutstanding": 194.7,
        "dilutedEPS": 1.82,
        "ebit": 330.5,
        "grossIncome": 472.1,
        "netIncome": 355.3,
        "netIncomeAfterTaxes": 355.3,
        "nonRecurringItems": 0,
        "period": "2016-01-01",
        "pretaxIncome": 418.2,
        "provisionforIncomeTaxes": 62.9,
        "researchDevelopment": 81.5,
        "revenue": 926.8,
        "sgaExpense": 51.7,
        "totalOperatingExpense": 141.6,
        "totalOtherIncomeExpenseNet": 87.7
      },
      {
        "costOfGoodsSold": 444.6,
        "depreciationAmortization": 8.3,
        "dilutedAverageSharesOutstanding": 194.9,
        "dilutedEPS": 1.18,
        "ebit": 298.1,
        "grossIncome": 436.2,
        "netIncome": 229.2,
        "netIncomeAfterTaxes": 229.2,
        "nonRecurringItems": -0.5,
        "period": "2015-10-02",
        "pretaxIncome": 296.2,
        "provisionforIncomeTaxes": 67,
        "researchDevelopment": 82.4,
        "revenue": 880.8,
        "sgaExpense": 47.4,
        "totalOperatingExpense": 138.1,
        "totalOtherIncomeExpenseNet": -1.4
      }
    ],
    "symbol": "SWKS"
  }
}