{
  "symbol": "DHI",
  "statement": "ic",
  "frequency": "annual",
  "timestamp": "2025-09-19T13:59:24.065743",
  "data": {
    "financials": [
      {
        "costOfGoodsSold": 27211.1,
        "dilutedAverageSharesOutstanding": 331.6,
        "dilutedEPS": 14.3438,
        "ebit": 6345.2,
        "grossIncome": 9590.3,
        "minorityInterest": -49.6,
        "netIncome": 4756.4,
        "netIncomeAfterTaxes": 4806,
        "nonRecurringItems": -60.5,
        "otherOperatingExpensesTotal": -348.8,
        "period": "2024-09-30",
        "pretaxIncome": 6284.7,
        "provisionforIncomeTaxes": 1478.7,
        "revenue": 36801.4,
        "sgaExpense": 3593.9,
        "totalOperatingExpense": 3245.1,
        "year": 2024
      },
      {
        "costOfGoodsSold": 26029.9,
        "dilutedAverageSharesOutstanding": 343.3,
        "dilutedEPS": 13.8238,
        "ebit": 6444.5,
        "grossIncome": 9430.5,
        "interestIncomeExpense": -45.9,
        "minorityInterest": -49.5,
        "netIncome": 4745.7,
        "netIncomeAfterTaxes": 4795.2,
        "nonRecurringItems": -83.9,
        "otherOperatingExpensesTotal": -259,
        "period": "2023-09-30",
        "pretaxIncome": 6314.7,
        "provisionforIncomeTaxes": 1519.5,
        "revenue": 35460.4,
        "sgaExpense": 3245,
        "totalOperatingExpense": 2986,
        "year": 2023
      },
      {
        "costOfGoodsSold": 22914.9,
        "dilutedAverageSharesOutstanding": 354.8,
        "dilutedEPS": 16.5093,
        "ebit": 7713.7,
        "grossIncome": 10565.1,
        "interestIncomeExpense": -18.9,
        "minorityInterest": -38.1,
        "netIncome": 5857.5,
        "netIncomeAfterTaxes": 5895.6,
        "nonRecurringItems": -65.1,
        "otherOperatingExpensesTotal": -78.2,
        "period": "2022-09-30",
        "pretaxIncome": 7629.7,
        "provisionforIncomeTaxes": 1734.1,
        "revenue": 33480,
        "sgaExpense": 2929.6,
        "totalOperatingExpense": 2851.4,
        "year": 2022
      },
      {
        "costOfGoodsSold": 19874.3,
        "dilutedAverageSharesOutstanding": 365.8,
        "dilutedEPS": 11.4155,
        "ebit": 5406.3,
        "grossIncome": 7899.9,
        "interestExpense": 17,
        "interestIncomeExpense": -17,
        "minorityInterest": -15.4,
        "netIncome": 4175.8,
        "netIncomeAfterTaxes": 4191.2,
        "nonRecurringItems": -33,
        "otherOperatingExpensesTotal": -58.6,
        "period": "2021-09-30",
        "pretaxIncome": 5356.3,
        "provisionforIncomeTaxes": 1165.1,
        "revenue": 27774.2,
        "sgaExpense": 2552.2,
        "totalOperatingExpense": 2493.6,
        "year": 2021
      },
      {
        "costOfGoodsSold": 15350,
        "dilutedAverageSharesOutstanding": 370,
        "dilutedEPS": 6.41,
        "ebit": 2969,
        "grossIncome": 4961,
        "interestExpense": 19.1,
        "interestIncomeExpense": -18,
        "minorityInterest": -7,
        "netIncome": 2374,
        "netIncomeAfterTaxes": 2381,
        "nonRecurringItems": 32,
        "otherOperatingExpensesTotal": -52,
        "period": "2020-09-30",
        "pretaxIncome": 2983,
        "provisionforIncomeTaxes": 603,
        "revenue": 20311,
        "sgaExpense": 2043,
        "totalOperatingExpense": 1992,
        "year": 2020
      },
      {
        "costOfGoodsSold": 13668,
        "dilutedAverageSharesOutstanding": 377,
        "dilutedEPS": 4.29,
        "ebit": 2142,
        "grossIncome": 3925,
        "interestExpense": 16.1,
        "interestIncomeExpense": -16,
        "minorityInterest": 0,
        "netIncome": 1619,
        "netIncomeAfterTaxes": 1619,
        "nonRecurringItems": -1,
        "otherOperatingExpensesTotal": -48,
        "period": "2019-09-30",
        "pretaxIncome": 2125,
        "provisionforIncomeTaxes": 507,
        "revenue": 17593,
        "sgaExpense": 1830,
        "totalOperatingExpense": 1783,
        "year": 2019
      },
      {
        "costOfGoodsSold": 12348,
        "dilutedAverageSharesOutstanding": 383,
        "dilutedEPS": 3.81,
        "ebit": 2114,
        "grossIncome": 3720,
        "interestExpense": 12.1,
        "interestIncomeExpense": -9,
        "minorityInterest": -2,
        "netIncome": 1460,
        "netIncomeAfterTaxes": 1571,
        "nonRecurringItems": -45,
        "otherOperatingExpensesTotal": -57,
        "period": "2018-09-30",
        "pretaxIncome": 2060,
        "provisionforIncomeTaxes": 489,
        "revenue": 16068,
        "sgaExpense": 1663,
        "totalOperatingExpense": 1606,
        "year": 2018
      },
      {
        "costOfGoodsSold": 11003,
        "dilutedAverageSharesOutstanding": 379,
        "dilutedEPS": 2.74,
        "ebit": 1651,
        "grossIncome": 3088,
        "interestExpense": 8.5,
        "interestIncomeExpense": -9,
        "netIncome": 1038,
        "netIncomeAfterTaxes": 1038,
        "nonRecurringItems": -40,
        "otherOperatingExpensesTotal": -34,
        "period": "2017-09-30",
        "pretaxIncome": 1602,
        "provisionforIncomeTaxes": 564,
        "revenue": 14091,
        "sgaExpense": 1472,
        "totalOperatingExpense": 1437,
        "year": 2017
      },
      {
        "costOfGoodsSold": 9471,
        "dilutedAverageSharesOutstanding": 375,
        "dilutedEPS": 2.36,
        "ebit": 1401,
        "grossIncome": 2686,
        "interestExpense": 8.4,
        "interestIncomeExpense": -8,
        "netIncome": 886,
        "netIncomeAfterTaxes": 886,
        "nonRecurringItems": -39,
        "otherOperatingExpensesTotal": -35,
        "period": "2016-09-30",
        "pretaxIncome": 1354,
        "provisionforIncomeTaxes": 467,
        "revenue": 12157,
        "sgaExpense": 1320,
        "totalOperatingExpense": 1286,
        "year": 2016
      },
      {
        "costOfGoodsSold": 8475,
        "dilutedAverageSharesOutstanding": 370,
        "dilutedEPS": 2.03,
        "ebit": 1200,
        "grossIncome": 2349,
        "interestExpense": 17.2,
        "interestIncomeExpense": -17,
        "netIncome": 751,
        "netIncomeAfterTaxes": 751,
        "nonRecurringItems": -60,
        "otherOperatingExpensesTotal": -38,
        "period": "2015-09-30",
        "pretaxIncome": 1123,
        "provisionforIncomeTaxes": 373,
        "revenue": 10824,
        "sgaExpense": 1186,
        "totalOperatingExpense": 1149,
        "year": 2015
      }
    ],
    "symbol": "DHI"
  }
}