{
  "symbol": "VRSN",
  "statement": "ic",
  "frequency": "annual",
  "timestamp": "2025-09-19T14:08:12.666034",
  "data": {
    "financials": [
      {
        "costOfGoodsSold": 191.4,
        "dilutedAverageSharesOutstanding": 98.2,
        "dilutedEPS": 8.001,
        "ebit": 1058.2,
        "grossIncome": 1366,
        "interestExpense": 75.3,
        "interestIncomeExpense": -37.9,
        "netIncome": 785.7,
        "netIncomeAfterTaxes": 785.7,
        "period": "2024-12-31",
        "pretaxIncome": 1021.9,
        "provisionforIncomeTaxes": 236.2,
        "researchDevelopment": 96.7,
        "revenue": 1557.4,
        "sgaExpense": 211.1,
        "totalOperatingExpense": 307.8,
        "totalOtherIncomeExpenseNet": 1.6,
        "year": 2024
      },
      {
        "costOfGoodsSold": 197.3,
        "dilutedAverageSharesOutstanding": 103.5,
        "dilutedEPS": 7.8995,
        "ebit": 1000.6,
        "grossIncome": 1295.8,
        "interestExpense": 75.3,
        "interestIncomeExpense": -29.2,
        "netIncome": 817.6,
        "netIncomeAfterTaxes": 817.6,
        "nonRecurringItems": 0,
        "period": "2023-12-31",
        "pretaxIncome": 976.5,
        "provisionforIncomeTaxes": 158.9,
        "researchDevelopment": 91,
        "revenue": 1493.1,
        "sgaExpense": 204.2,
        "totalOperatingExpense": 295.2,
        "totalOtherIncomeExpenseNet": 5.1,
        "year": 2023
      },
      {
        "costOfGoodsSold": 200.7,
        "dilutedAverageSharesOutstanding": 108,
        "dilutedEPS": 6.24,
        "ebit": 943.1,
        "grossIncome": 1224.2,
        "interestExpense": 75.3,
        "interestIncomeExpense": -60.4,
        "netIncome": 673.8,
        "netIncomeAfterTaxes": 673.8,
        "nonRecurringItems": 0,
        "period": "2022-12-31",
        "pretaxIncome": 880.2,
        "provisionforIncomeTaxes": 206.4,
        "researchDevelopment": 85.7,
        "revenue": 1424.9,
        "sgaExpense": 195.4,
        "totalOperatingExpense": 281.1,
        "totalOtherIncomeExpenseNet": -2.5,
        "year": 2022
      },
      {
        "costOfGoodsSold": 191.9,
        "dilutedAverageSharesOutstanding": 112.2,
        "dilutedEPS": 7,
        "ebit": 866.8,
        "grossIncome": 1135.6,
        "interestExpense": 83.255,
        "interestIncomeExpense": -82.7,
        "netIncome": 784.8,
        "netIncomeAfterTaxes": 784.8,
        "nonRecurringItems": -2.1,
        "period": "2021-12-31",
        "pretaxIncome": 782.2,
        "provisionforIncomeTaxes": -2.6,
        "researchDevelopment": 80.5,
        "revenue": 1327.6,
        "sgaExpense": 188.3,
        "totalOperatingExpense": 268.9,
        "totalOtherIncomeExpenseNet": 0.2,
        "year": 2021
      },
      {
        "costOfGoodsSold": 180.2,
        "dilutedAverageSharesOutstanding": 115.3,
        "dilutedEPS": 7.07,
        "ebit": 824.2,
        "grossIncome": 1084.9,
        "interestExpense": 90.144,
        "interestIncomeExpense": -82.3,
        "netIncome": 814.9,
        "netIncomeAfterTaxes": 814.9,
        "nonRecurringItems": 6.4,
        "period": "2020-12-31",
        "pretaxIncome": 750.2,
        "provisionforIncomeTaxes": -64.6,
        "researchDevelopment": 74.7,
        "revenue": 1265.1,
        "sgaExpense": 186,
        "totalOperatingExpense": 260.6,
        "totalOtherIncomeExpenseNet": 2,
        "year": 2020
      },
      {
        "costOfGoodsSold": 180.5,
        "dilutedAverageSharesOutstanding": 119,
        "dilutedEPS": 5.14,
        "ebit": 806.1,
        "grossIncome": 1051.2,
        "interestExpense": 90.611,
        "interestIncomeExpense": -64,
        "netIncome": 612.3,
        "netIncomeAfterTaxes": 861.3,
        "nonRecurringItems": 0.8,
        "period": "2019-12-31",
        "pretaxIncome": 758.8,
        "provisionforIncomeTaxes": -102.5,
        "researchDevelopment": 60.8,
        "revenue": 1231.7,
        "sgaExpense": 184.3,
        "totalOperatingExpense": 245,
        "totalOtherIncomeExpenseNet": 15.8,
        "year": 2019
      },
      {
        "costOfGoodsSold": 192.1,
        "dilutedAverageSharesOutstanding": 122.7,
        "dilutedEPS": 4.74,
        "ebit": 767.4,
        "grossIncome": 1022.8,
        "interestExpense": 114.845,
        "interestIncomeExpense": -88.4,
        "netIncome": 582.5,
        "netIncomeAfterTaxes": 576.1,
        "nonRecurringItems": 48.3,
        "period": "2018-12-31",
        "pretaxIncome": 729.5,
        "provisionforIncomeTaxes": 153.4,
        "researchDevelopment": 57.9,
        "revenue": 1215,
        "sgaExpense": 197.6,
        "totalOperatingExpense": 255.5,
        "totalOtherIncomeExpenseNet": 2.2,
        "year": 2018
      },
      {
        "costOfGoodsSold": 193.3,
        "dilutedAverageSharesOutstanding": 124.2,
        "dilutedEPS": 3.68,
        "ebit": 707.7,
        "grossIncome": 971.8,
        "interestExpense": 136.336,
        "interestIncomeExpense": -119.3,
        "netIncome": 457.2,
        "netIncomeAfterTaxes": 466.4,
        "nonRecurringItems": 10.4,
        "period": "2017-12-31",
        "pretaxIncome": 599,
        "provisionforIncomeTaxes": 132.6,
        "researchDevelopment": 52.3,
        "revenue": 1165.1,
        "sgaExpense": 211.7,
        "totalOperatingExpense": 264.1,
        "totalOtherIncomeExpenseNet": 0.2,
        "year": 2017
      },
      {
        "costOfGoodsSold": 198.2,
        "dilutedAverageSharesOutstanding": 128.8,
        "dilutedEPS": 3.42,
        "ebit": 686.6,
        "grossIncome": 943.9,
        "interestExpense": 115.564,
        "interestIncomeExpense": -107,
        "netIncome": 440.6,
        "netIncomeAfterTaxes": 440.6,
        "period": "2016-12-31",
        "pretaxIncome": 581.2,
        "provisionforIncomeTaxes": 140.5,
        "researchDevelopment": 59.1,
        "revenue": 1142.2,
        "sgaExpense": 198.3,
        "totalOperatingExpense": 257.4,
        "totalOtherIncomeExpenseNet": 1.6,
        "year": 2016
      },
      {
        "costOfGoodsSold": 192.8,
        "dilutedAverageSharesOutstanding": 133,
        "dilutedEPS": 2.82,
        "ebit": 605.9,
        "grossIncome": 866.6,
        "interestExpense": 107.631,
        "interestIncomeExpense": -119.4,
        "netIncome": 375.2,
        "netIncomeAfterTaxes": 375.2,
        "period": "2015-12-31",
        "pretaxIncome": 487.7,
        "provisionforIncomeTaxes": 112.4,
        "researchDevelopment": 63.7,
        "revenue": 1059.4,
        "sgaExpense": 196.9,
        "totalOperatingExpense": 260.6,
        "totalOtherIncomeExpenseNet": 1.2,
        "year": 2015
      }
    ],
    "symbol": "VRSN"
  }
}