{
  "symbol": "DLR",
  "statement": "ic",
  "frequency": "quarterly",
  "timestamp": "2025-09-19T13:59:10.576419",
  "data": {
    "financials": [
      {
        "costOfGoodsSold": 621.428,
        "depreciationAmortization": 461.167,
        "dilutedAverageSharesOutstanding": 345.734,
        "dilutedEPS": 2.956,
        "ebit": 234.243,
        "gainLossOnDispositionOfAssets": 931.83,
        "grossIncome": 871.722,
        "interestExpense": 109.383,
        "interestIncomeExpense": -121.445,
        "minorityInterest": -14.79,
        "netIncome": 1021.975,
        "netIncomeAfterTaxes": 1046.946,
        "nonRecurringItems": -22.546,
        "otherOperatingExpensesTotal": 0.195,
        "period": "2025-06-30",
        "pretaxIncome": 1059.829,
        "provisionforIncomeTaxes": 12.883,
        "revenue": 1493.15,
        "sgaExpense": 176.117,
        "totalOperatingExpense": 637.479,
        "totalOtherIncomeExpenseNet": 37.747
      },
      {
        "costOfGoodsSold": 567.124,
        "depreciationAmortization": 443.009,
        "dilutedAverageSharesOutstanding": 344.721,
        "dilutedEPS": 0.2895,
        "ebit": 235.652,
        "gainLossOnDispositionOfAssets": 1.111,
        "grossIncome": 840.513,
        "interestExpense": 98.464,
        "interestIncomeExpense": -106.104,
        "minorityInterest": 3.579,
        "netIncome": 99.793,
        "netIncomeAfterTaxes": 106.395,
        "nonRecurringItems": -39.902,
        "otherOperatingExpensesTotal": 0.112,
        "period": "2025-03-31",
        "pretaxIncome": 123.53,
        "provisionforIncomeTaxes": 17.135,
        "revenue": 1407.637,
        "sgaExpense": 161.74,
        "totalOperatingExpense": 604.861,
        "totalOtherIncomeExpenseNet": 32.773
      },
      {
        "costOfGoodsSold": 621.789,
        "depreciationAmortization": 455.355,
        "dilutedAverageSharesOutstanding": 340.265,
        "dilutedEPS": 0.5272,
        "ebit": 156.119,
        "gainLossOnDispositionOfAssets": 144.885,
        "grossIncome": 814.073,
        "interestExpense": 104.742,
        "interestIncomeExpense": -140.943,
        "minorityInterest": 3.881,
        "netIncome": 179.388,
        "netIncomeAfterTaxes": 185.688,
        "nonRecurringItems": -13.962,
        "otherOperatingExpensesTotal": 34.883,
        "period": "2024-12-31",
        "pretaxIncome": 190.616,
        "provisionforIncomeTaxes": 4.928,
        "revenue": 1435.862,
        "sgaExpense": 167.716,
        "totalOperatingExpense": 657.954,
        "totalOtherIncomeExpenseNet": 44.517
      },
      {
        "costOfGoodsSold": 617.161,
        "depreciationAmortization": 459.997,
        "dilutedAverageSharesOutstanding": 336.249,
        "dilutedEPS": 0.122,
        "ebit": 192.48,
        "gainLossOnDispositionOfAssets": -0.556,
        "grossIncome": 814.053,
        "interestExpense": 123.803,
        "interestIncomeExpense": -150.289,
        "minorityInterest": 11.059,
        "netIncome": 41.012,
        "netIncomeAfterTaxes": 40.134,
        "nonRecurringItems": -26.83,
        "otherOperatingExpensesTotal": 4.774,
        "period": "2024-09-30",
        "pretaxIncome": 52.561,
        "provisionforIncomeTaxes": 12.427,
        "revenue": 1431.214,
        "sgaExpense": 156.802,
        "totalOperatingExpense": 621.573,
        "totalOtherIncomeExpenseNet": 37.756
      },
      {
        "costOfGoodsSold": 570.876,
        "depreciationAmortization": 425.343,
        "dilutedAverageSharesOutstanding": 327.946,
        "dilutedEPS": 0.2136,
        "ebit": 35.961,
        "gainLossOnDispositionOfAssets": 173.709,
        "grossIncome": 785.873,
        "interestExpense": 114.756,
        "interestIncomeExpense": -156.199,
        "minorityInterest": 5.552,
        "netIncome": 70.039,
        "netIncomeAfterTaxes": 74.668,
        "nonRecurringItems": -26.072,
        "otherOperatingExpensesTotal": 167.774,
        "period": "2024-06-30",
        "pretaxIncome": 89.66,
        "provisionforIncomeTaxes": 14.992,
        "revenue": 1356.749,
        "sgaExpense": 156.795,
        "totalOperatingExpense": 749.912,
        "totalOtherIncomeExpenseNet": 62.261
      },
      {
        "costOfGoodsSold": 555.789,
        "depreciationAmortization": 431.102,
        "dilutedAverageSharesOutstanding": 320.798,
        "dilutedEPS": 0.8458,
        "ebit": 181.206,
        "gainLossOnDispositionOfAssets": 277.787,
        "grossIncome": 775.354,
        "interestExpense": 109.535,
        "interestIncomeExpense": -125.543,
        "minorityInterest": -6.329,
        "netIncome": 271.327,
        "netIncomeAfterTaxes": 287.837,
        "nonRecurringItems": -32.909,
        "otherOperatingExpensesTotal": 10.836,
        "period": "2024-03-31",
        "pretaxIncome": 310.25,
        "provisionforIncomeTaxes": 22.413,
        "revenue": 1331.143,
        "sgaExpense": 152.21,
        "totalOperatingExpense": 594.148,
        "totalOtherIncomeExpenseNet": 9.709
      },
      {
        "costOfGoodsSold": 608.056,
        "depreciationAmortization": 420.475,
        "dilutedAverageSharesOutstanding": 316.055,
        "dilutedEPS": 0.05,
        "ebit": 174.267,
        "gainLossOnDispositionOfAssets": -0.103,
        "grossIncome": 761.583,
        "interestExpense": 113.638,
        "interestIncomeExpense": -161.754,
        "minorityInterest": 8.419,
        "netIncome": 18.129,
        "netIncomeAfterTaxes": 19.891,
        "nonRecurringItems": -40.226,
        "otherOperatingExpensesTotal": 10.942,
        "period": "2023-12-31",
        "pretaxIncome": 40.615,
        "provisionforIncomeTaxes": 20.724,
        "revenue": 1369.639,
        "sgaExpense": 155.899,
        "totalOperatingExpense": 587.316,
        "totalOtherIncomeExpenseNet": 68.431
      },
      {
        "costOfGoodsSold": 646.712,
        "depreciationAmortization": 420.613,
        "dilutedAverageSharesOutstanding": 311.341,
        "dilutedEPS": 2.3333,
        "ebit": 167.691,
        "gainLossOnDispositionOfAssets": 810.688,
        "grossIncome": 755.72,
        "interestExpense": 110.767,
        "interestIncomeExpense": -105.748,
        "minorityInterest": -12.32,
        "netIncome": 723.437,
        "netIncomeAfterTaxes": 745.938,
        "nonRecurringItems": -109.465,
        "otherOperatingExpensesTotal": 19.295,
        "period": "2023-09-30",
        "pretaxIncome": 763.166,
        "provisionforIncomeTaxes": 17.228,
        "revenue": 1402.432,
        "sgaExpense": 148.121,
        "totalOperatingExpense": 588.029
      },
      {
        "costOfGoodsSold": 612.499,
        "depreciationAmortization": 432.573,
        "dilutedAverageSharesOutstanding": 306.819,
        "dilutedEPS": 0.352,
        "ebit": 172.624,
        "gainLossOnDispositionOfAssets": 89.946,
        "grossIncome": 753.768,
        "interestExpense": 111.116,
        "interestIncomeExpense": -112.987,
        "minorityInterest": 2.538,
        "netIncome": 108.003,
        "netIncomeAfterTaxes": 115.646,
        "nonRecurringItems": -17.764,
        "otherOperatingExpensesTotal": 0.655,
        "period": "2023-06-30",
        "pretaxIncome": 131.819,
        "provisionforIncomeTaxes": 16.173,
        "revenue": 1366.267,
        "sgaExpense": 147.916,
        "totalOperatingExpense": 581.144
      },
      {
        "costOfGoodsSold": 577.604,
        "depreciationAmortization": 421.198,
        "dilutedAverageSharesOutstanding": 303.065,
        "dilutedEPS": 0.2008,
        "ebit": 189.601,
        "gainLossOnDispositionOfAssets": 0,
        "grossIncome": 761.119,
        "interestExpense": 102.22,
        "interestIncomeExpense": -87.043,
        "minorityInterest": 2.209,
        "netIncome": 60.865,
        "netIncomeAfterTaxes": 68.837,
        "nonRecurringItems": -12.267,
        "otherOperatingExpensesTotal": 0,
        "period": "2023-03-31",
        "pretaxIncome": 90.291,
        "provisionforIncomeTaxes": 21.454,
        "revenue": 1338.723,
        "sgaExpense": 150.32,
        "totalOperatingExpense": 571.518
      },
      {
        "costOfGoodsSold": 502.601,
        "depreciationAmortization": 430.13,
        "dilutedAverageSharesOutstanding": 289.4,
        "dilutedEPS": -0.0217,
        "ebit": 141.33,
        "gainLossOnDispositionOfAssets": -0.006,
        "grossIncome": 730.506,
        "interestExpense": 86.882,
        "interestIncomeExpense": -114.995,
        "minorityInterest": 3.14,
        "netIncome": -6.28,
        "netIncomeAfterTaxes": 0.761,
        "nonRecurringItems": -20.35,
        "otherOperatingExpensesTotal": 3.615,
        "period": "2022-12-31",
        "pretaxIncome": -16.915,
        "provisionforIncomeTaxes": -17.676,
        "revenue": 1233.107,
        "sgaExpense": 155.431,
        "totalOperatingExpense": 589.176,
        "totalOtherIncomeExpenseNet": -22.894
      },
      {
        "costOfGoodsSold": 485.593,
        "depreciationAmortization": 388.704,
        "dilutedAverageSharesOutstanding": 296.415,
        "dilutedEPS": 0.7655,
        "ebit": 183.243,
        "gainLossOnDispositionOfAssets": 173.99,
        "grossIncome": 706.49,
        "interestExpense": 76.502,
        "interestIncomeExpense": -88.756,
        "minorityInterest": -1.716,
        "netIncome": 226.894,
        "netIncomeAfterTaxes": 238.791,
        "nonRecurringItems": -25.862,
        "otherOperatingExpensesTotal": 1.096,
        "period": "2022-09-30",
        "pretaxIncome": 258.367,
        "provisionforIncomeTaxes": 19.576,
        "revenue": 1192.083,
        "sgaExpense": 133.447,
        "totalOperatingExpense": 523.247,
        "totalOtherIncomeExpenseNet": 15.752
      },
      {
        "costOfGoodsSold": 434.951,
        "depreciationAmortization": 376.967,
        "dilutedAverageSharesOutstanding": 285.11,
        "dilutedEPS": 0.1868,
        "ebit": 183.958,
        "gainLossOnDispositionOfAssets": 0,
        "grossIncome": 704.371,
        "interestExpense": 69.023,
        "interestIncomeExpense": -103.111,
        "minorityInterest": -0.436,
        "netIncome": 53.246,
        "netIncomeAfterTaxes": 63.863,
        "nonRecurringItems": -13.586,
        "otherOperatingExpensesTotal": 0.07,
        "period": "2022-06-30",
        "pretaxIncome": 80.269,
        "provisionforIncomeTaxes": 16.406,
        "revenue": 1139.322,
        "sgaExpense": 143.376,
        "totalOperatingExpense": 520.413,
        "totalOtherIncomeExpenseNet": 13.008
      },
      {
        "costOfGoodsSold": 448.417,
        "depreciationAmortization": 382.132,
        "dilutedAverageSharesOutstanding": 285.025,
        "dilutedEPS": 0.2214,
        "ebit": 153.203,
        "gainLossOnDispositionOfAssets": 2.77,
        "grossIncome": 678.905,
        "interestExpense": 66.725,
        "interestIncomeExpense": -5.767,
        "minorityInterest": -3.629,
        "netIncome": 63.1,
        "netIncomeAfterTaxes": 76.91,
        "nonRecurringItems": -63.103,
        "otherOperatingExpensesTotal": 7.657,
        "period": "2022-03-31",
        "pretaxIncome": 90.154,
        "provisionforIncomeTaxes": 13.244,
        "revenue": 1127.322,
        "sgaExpense": 135.913,
        "totalOperatingExpense": 525.702,
        "totalOtherIncomeExpenseNet": 3.051
      },
      {
        "costOfGoodsSold": 430.462,
        "depreciationAmortization": 378.883,
        "dilutedAverageSharesOutstanding": 284.8697,
        "dilutedEPS": 3.7127,
        "ebit": 162.215,
        "gainLossOnDispositionOfAssets": 1047.01,
        "grossIncome": 680.705,
        "interestExpense": 71.762,
        "interestIncomeExpense": -79.475,
        "minorityInterest": -22.587,
        "netIncome": 1057.629,
        "netIncomeAfterTaxes": 1090.397,
        "nonRecurringItems": -31.043,
        "otherOperatingExpensesTotal": -0.001,
        "period": "2021-12-31",
        "pretaxIncome": 1094.358,
        "provisionforIncomeTaxes": 3.961,
        "revenue": 1111.167,
        "sgaExpense": 139.608,
        "totalOperatingExpense": 518.49,
        "totalOtherIncomeExpenseNet": -4.349
      },
      {
        "costOfGoodsSold": 430.362,
        "depreciationAmortization": 369.035,
        "dilutedAverageSharesOutstanding": 283.7995,
        "dilutedEPS": 0.4373,
        "ebit": 198.169,
        "gainLossOnDispositionOfAssets": -0.635,
        "grossIncome": 702.774,
        "interestExpense": 71.417,
        "interestIncomeExpense": -30.533,
        "minorityInterest": -2.266,
        "netIncome": 124.094,
        "netIncomeAfterTaxes": 136.541,
        "nonRecurringItems": -13.804,
        "otherOperatingExpensesTotal": 0.51,
        "period": "2021-09-30",
        "pretaxIncome": 150.25,
        "provisionforIncomeTaxes": 13.709,
        "revenue": 1133.136,
        "sgaExpense": 135.06,
        "totalOperatingExpense": 504.605,
        "totalOtherIncomeExpenseNet": -2.947
      },
      {
        "costOfGoodsSold": 394.514,
        "depreciationAmortization": 368.981,
        "dilutedAverageSharesOutstanding": 282.4339,
        "dilutedEPS": 0.451,
        "ebit": 192.703,
        "gainLossOnDispositionOfAssets": 0.499,
        "grossIncome": 698.674,
        "interestExpense": 75.014,
        "interestIncomeExpense": -22.871,
        "minorityInterest": -4.544,
        "netIncome": 127.369,
        "netIncomeAfterTaxes": 125.798,
        "nonRecurringItems": -7.075,
        "otherOperatingExpensesTotal": 2.298,
        "period": "2021-06-30",
        "pretaxIncome": 173.38,
        "provisionforIncomeTaxes": 47.582,
        "revenue": 1093.188,
        "sgaExpense": 134.692,
        "totalOperatingExpense": 505.971,
        "totalOtherIncomeExpenseNet": 10.124
      },
      {
        "costOfGoodsSold": 376.5,
        "depreciationAmortization": 369.7,
        "dilutedAverageSharesOutstanding": 281.9,
        "dilutedEPS": 1.32,
        "ebit": 206.7,
        "gainLossOnDispositionOfAssets": 333.9,
        "grossIncome": 713.9,
        "interestExpense": 75.653,
        "interestIncomeExpense": -105.9,
        "minorityInterest": -8.8,
        "netIncome": 372.4,
        "netIncomeAfterTaxes": 394.7,
        "nonRecurringItems": -32.5,
        "otherOperatingExpensesTotal": -0.3,
        "period": "2021-03-31",
        "pretaxIncome": 402.2,
        "provisionforIncomeTaxes": 7.5,
        "revenue": 1090.4,
        "sgaExpense": 137.8,
        "totalOperatingExpense": 507.2
      },
      {
        "costOfGoodsSold": 420.3,
        "depreciationAmortization": 359.9,
        "dilutedAverageSharesOutstanding": 281,
        "dilutedEPS": 0.16,
        "ebit": 179.6,
        "gainLossOnDispositionOfAssets": 1.7,
        "grossIncome": 642.3,
        "interestExpense": 77.848,
        "interestIncomeExpense": -49.5,
        "minorityInterest": -1.8,
        "netIncome": 44.2,
        "netIncomeAfterTaxes": 59.5,
        "nonRecurringItems": -68.9,
        "otherOperatingExpensesTotal": 0.6,
        "period": "2020-12-31",
        "pretaxIncome": 62.8,
        "provisionforIncomeTaxes": 3.3,
        "revenue": 1062.6,
        "sgaExpense": 102.2,
        "totalOperatingExpense": 462.7
      },
      {
        "costOfGoodsSold": 401.3,
        "depreciationAmortization": 365.8,
        "dilutedAverageSharesOutstanding": 270.2,
        "dilutedEPS": -0.14,
        "ebit": 165.8,
        "gainLossOnDispositionOfAssets": 10.4,
        "grossIncome": 623.3,
        "interestExpense": 89.499,
        "interestIncomeExpense": -87.2,
        "minorityInterest": 1.3,
        "netIncome": -37.4,
        "netIncomeAfterTaxes": -1.5,
        "nonRecurringItems": -74.4,
        "otherOperatingExpensesTotal": 0.3,
        "period": "2020-09-30",
        "pretaxIncome": 14.6,
        "provisionforIncomeTaxes": 16.1,
        "revenue": 1024.7,
        "sgaExpense": 91.4,
        "totalOperatingExpense": 457.6
      },
      {
        "costOfGoodsSold": 381.1,
        "depreciationAmortization": 349.2,
        "dilutedAverageSharesOutstanding": 270.7,
        "dilutedEPS": 0.2,
        "ebit": 168.4,
        "gainLossOnDispositionOfAssets": 0,
        "grossIncome": 611.9,
        "interestExpense": 79.874,
        "interestIncomeExpense": -65.3,
        "minorityInterest": -1.1,
        "netIncome": 53.7,
        "netIncomeAfterTaxes": 76,
        "nonRecurringItems": -15.6,
        "otherOperatingExpensesTotal": 0,
        "period": "2020-06-30",
        "pretaxIncome": 87.5,
        "provisionforIncomeTaxes": 11.5,
        "revenue": 993,
        "sgaExpense": 94.3,
        "totalOperatingExpense": 443.5
      },
      {
        "costOfGoodsSold": 311.4,
        "depreciationAmortization": 291.5,
        "dilutedAverageSharesOutstanding": 224.5,
        "dilutedEPS": 0.9,
        "ebit": 156.8,
        "gainLossOnDispositionOfAssets": 304.8,
        "grossIncome": 512,
        "interestExpense": 85.8,
        "interestIncomeExpense": -168.3,
        "minorityInterest": -4.7,
        "netIncome": 202.9,
        "netIncomeAfterTaxes": 228.7,
        "nonRecurringItems": -57.4,
        "otherOperatingExpensesTotal": 0.1,
        "period": "2020-03-31",
        "pretaxIncome": 235.9,
        "provisionforIncomeTaxes": 7.2,
        "revenue": 823.3,
        "sgaExpense": 63.5,
        "totalOperatingExpense": 355.1
      },
      {
        "costOfGoodsSold": 299.8,
        "depreciationAmortization": 275,
        "dilutedAverageSharesOutstanding": 210.3,
        "dilutedEPS": 1.5,
        "ebit": 156,
        "gainLossOnDispositionOfAssets": 200.2,
        "grossIncome": 487.7,
        "interestExpense": 80.88,
        "interestIncomeExpense": -59,
        "minorityInterest": -13,
        "netIncome": 315.6,
        "netIncomeAfterTaxes": 349.3,
        "nonRecurringItems": 50.4,
        "otherOperatingExpensesTotal": 2,
        "period": "2019-12-31",
        "pretaxIncome": 347.6,
        "provisionforIncomeTaxes": -1.7,
        "revenue": 787.5,
        "sgaExpense": 54.7,
        "totalOperatingExpense": 331.6
      },
      {
        "costOfGoodsSold": 300.8,
        "depreciationAmortization": 286.7,
        "dilutedAverageSharesOutstanding": 209.8,
        "dilutedEPS": 0.24,
        "ebit": 168.9,
        "gainLossOnDispositionOfAssets": 0,
        "grossIncome": 505.7,
        "interestExpense": 84.574,
        "interestIncomeExpense": -87,
        "minorityInterest": -1.1,
        "netIncome": 49.8,
        "netIncomeAfterTaxes": 67.6,
        "nonRecurringItems": -9.5,
        "otherOperatingExpensesTotal": 0.1,
        "period": "2019-09-30",
        "pretaxIncome": 72.4,
        "provisionforIncomeTaxes": 4.8,
        "revenue": 806.5,
        "sgaExpense": 50,
        "totalOperatingExpense": 336.8
      },
      {
        "costOfGoodsSold": 297,
        "depreciationAmortization": 290.6,
        "dilutedAverageSharesOutstanding": 209.4,
        "dilutedEPS": 0.15,
        "ebit": 153.2,
        "gainLossOnDispositionOfAssets": 0,
        "grossIncome": 503.8,
        "interestExpense": 86.051,
        "interestIncomeExpense": -62.1,
        "minorityInterest": -1.2,
        "netIncome": 31.7,
        "netIncomeAfterTaxes": 61.3,
        "nonRecurringItems": -25.1,
        "otherOperatingExpensesTotal": 7.1,
        "period": "2019-06-30",
        "pretaxIncome": 66,
        "provisionforIncomeTaxes": 4.6,
        "revenue": 800.8,
        "sgaExpense": 53,
        "totalOperatingExpense": 350.6
      },
      {
        "costOfGoodsSold": 295.3,
        "depreciationAmortization": 311.5,
        "dilutedAverageSharesOutstanding": 208.5,
        "dilutedEPS": 0.46,
        "ebit": 149.4,
        "gainLossOnDispositionOfAssets": 67.5,
        "grossIncome": 519.3,
        "interestExpense": 101.552,
        "interestIncomeExpense": -70.9,
        "minorityInterest": -4.2,
        "netIncome": 95.9,
        "netIncomeAfterTaxes": 121,
        "nonRecurringItems": -20.7,
        "otherOperatingExpensesTotal": 4.9,
        "period": "2019-03-31",
        "pretaxIncome": 125.3,
        "provisionforIncomeTaxes": 4.3,
        "revenue": 814.5,
        "sgaExpense": 53.5,
        "totalOperatingExpense": 369.9
      },
      {
        "costOfGoodsSold": 287.2,
        "depreciationAmortization": 299.4,
        "dilutedAverageSharesOutstanding": 207,
        "dilutedEPS": 0.15,
        "ebit": 148.8,
        "gainLossOnDispositionOfAssets": 0,
        "grossIncome": 491,
        "interestExpense": 84.883,
        "interestIncomeExpense": -74.5,
        "minorityInterest": -1,
        "netIncome": 31.2,
        "netIncomeAfterTaxes": 52.6,
        "nonRecurringItems": -27.5,
        "otherOperatingExpensesTotal": 1.1,
        "period": "2018-12-31",
        "pretaxIncome": 46.8,
        "provisionforIncomeTaxes": -5.8,
        "revenue": 778.3,
        "sgaExpense": 41.8,
        "totalOperatingExpense": 342.3
      },
      {
        "costOfGoodsSold": 280.8,
        "depreciationAmortization": 294,
        "dilutedAverageSharesOutstanding": 206.8,
        "dilutedEPS": 0.33,
        "ebit": 148.7,
        "gainLossOnDispositionOfAssets": 26.6,
        "grossIncome": 488.1,
        "interestExpense": 80.851,
        "interestIncomeExpense": -72.9,
        "minorityInterest": -2.7,
        "netIncome": 67.3,
        "netIncomeAfterTaxes": 90.3,
        "nonRecurringItems": -9.6,
        "otherOperatingExpensesTotal": 1.1,
        "period": "2018-09-30",
        "pretaxIncome": 92.7,
        "provisionforIncomeTaxes": 2.4,
        "revenue": 768.9,
        "sgaExpense": 44.3,
        "totalOperatingExpense": 339.5
      },
      {
        "costOfGoodsSold": 257.6,
        "depreciationAmortization": 298.8,
        "dilutedAverageSharesOutstanding": 206.6,
        "dilutedEPS": 0.32,
        "ebit": 149.7,
        "gainLossOnDispositionOfAssets": 14.2,
        "grossIncome": 497.3,
        "interestExpense": 78.81,
        "interestIncomeExpense": -68,
        "minorityInterest": -2.7,
        "netIncome": 65.1,
        "netIncomeAfterTaxes": 88.2,
        "nonRecurringItems": -5.6,
        "otherOperatingExpensesTotal": 0.2,
        "period": "2018-06-30",
        "pretaxIncome": 90.3,
        "provisionforIncomeTaxes": 2.1,
        "revenue": 754.9,
        "sgaExpense": 48.7,
        "totalOperatingExpense": 347.7
      },
      {
        "costOfGoodsSold": 260.9,
        "depreciationAmortization": 294.8,
        "dilutedAverageSharesOutstanding": 206.5,
        "dilutedEPS": 0.42,
        "ebit": 148,
        "gainLossOnDispositionOfAssets": 39.3,
        "grossIncome": 483.5,
        "interestExpense": 76.985,
        "interestIncomeExpense": -69.6,
        "minorityInterest": -3.5,
        "netIncome": 86.3,
        "netIncomeAfterTaxes": 110.1,
        "nonRecurringItems": -4.2,
        "otherOperatingExpensesTotal": 0.4,
        "period": "2018-03-31",
        "pretaxIncome": 113.5,
        "provisionforIncomeTaxes": 3.4,
        "revenue": 744.4,
        "sgaExpense": 40.3,
        "totalOperatingExpense": 335.5
      },
      {
        "costOfGoodsSold": 261.8,
        "depreciationAmortization": 288,
        "dilutedAverageSharesOutstanding": 206.5,
        "dilutedEPS": 0.26,
        "ebit": 132.9,
        "gainLossOnDispositionOfAssets": 30.7,
        "grossIncome": 469.6,
        "interestExpense": 73.989,
        "interestIncomeExpense": -67.7,
        "minorityInterest": -6,
        "netIncome": 53.3,
        "netIncomeAfterTaxes": 79.7,
        "nonRecurringItems": -15.7,
        "otherOperatingExpensesTotal": 0,
        "period": "2017-12-31",
        "pretaxIncome": 80.2,
        "provisionforIncomeTaxes": 0.5,
        "revenue": 731.4,
        "sgaExpense": 48.7,
        "totalOperatingExpense": 336.7
      },
      {
        "costOfGoodsSold": 222.6,
        "depreciationAmortization": 199.9,
        "dilutedAverageSharesOutstanding": 170.2,
        "dilutedEPS": -0.02,
        "ebit": 137.9,
        "gainLossOnDispositionOfAssets": 9.8,
        "grossIncome": 387.3,
        "interestExpense": 71.621,
        "interestIncomeExpense": -62.9,
        "minorityInterest": 0,
        "netIncome": -4.1,
        "netIncomeAfterTaxes": 12.5,
        "nonRecurringItems": -69.8,
        "otherOperatingExpensesTotal": 3.1,
        "period": "2017-09-30",
        "pretaxIncome": 15,
        "provisionforIncomeTaxes": 2.5,
        "revenue": 609.9,
        "sgaExpense": 46.4,
        "totalOperatingExpense": 249.4
      },
      {
        "costOfGoodsSold": 202.9,
        "depreciationAmortization": 178.1,
        "dilutedAverageSharesOutstanding": 161.8,
        "dilutedEPS": 0.36,
        "ebit": 144.9,
        "gainLossOnDispositionOfAssets": 0.4,
        "grossIncome": 363.1,
        "interestExpense": 57.582,
        "interestIncomeExpense": -48.8,
        "minorityInterest": -0.9,
        "netIncome": 57.8,
        "netIncomeAfterTaxes": 79.6,
        "nonRecurringItems": -14.2,
        "otherOperatingExpensesTotal": 0,
        "period": "2017-06-30",
        "pretaxIncome": 82.2,
        "provisionforIncomeTaxes": 2.6,
        "revenue": 566,
        "sgaExpense": 40.1,
        "totalOperatingExpense": 218.2
      },
      {
        "costOfGoodsSold": 196.3,
        "depreciationAmortization": 176.5,
        "dilutedAverageSharesOutstanding": 160.4,
        "dilutedEPS": 0.41,
        "ebit": 140.6,
        "gainLossOnDispositionOfAssets": -0.5,
        "grossIncome": 354.3,
        "interestExpense": 55.45,
        "interestIncomeExpense": -50,
        "minorityInterest": -1,
        "netIncome": 66.1,
        "netIncomeAfterTaxes": 84.6,
        "nonRecurringItems": -3.3,
        "period": "2017-03-31",
        "pretaxIncome": 86.8,
        "provisionforIncomeTaxes": 2.2,
        "revenue": 550.6,
        "sgaExpense": 37.2,
        "totalOperatingExpense": 213.7
      },
      {
        "costOfGoodsSold": 196.4,
        "depreciationAmortization": 176.6,
        "dilutedAverageSharesOutstanding": 159.8,
        "dilutedEPS": 0.49,
        "ebit": 160.1,
        "gainLossOnDispositionOfAssets": -0.2,
        "grossIncome": 380.4,
        "interestExpense": 56.226,
        "interestIncomeExpense": -52.5,
        "minorityInterest": -1.1,
        "netIncome": 77.7,
        "netIncomeAfterTaxes": 96.1,
        "nonRecurringItems": -9,
        "otherOperatingExpensesTotal": 0.2,
        "period": "2016-12-31",
        "pretaxIncome": 98.4,
        "provisionforIncomeTaxes": 2.3,
        "revenue": 576.8,
        "sgaExpense": 43.5,
        "totalOperatingExpense": 220.3
      },
      {
        "costOfGoodsSold": 197.8,
        "depreciationAmortization": 178.1,
        "dilutedAverageSharesOutstanding": 149.4,
        "dilutedEPS": 1.25,
        "ebit": 121.7,
        "gainLossOnDispositionOfAssets": 169,
        "grossIncome": 348.5,
        "interestExpense": 63.084,
        "interestIncomeExpense": -58.6,
        "minorityInterest": -3.2,
        "netIncome": 187.3,
        "netIncomeAfterTaxes": 222.4,
        "nonRecurringItems": -6,
        "otherOperatingExpensesTotal": 0,
        "period": "2016-09-30",
        "pretaxIncome": 226.2,
        "provisionforIncomeTaxes": 3.7,
        "revenue": 546.3,
        "sgaExpense": 48.6,
        "totalOperatingExpense": 226.8
      },
      {
        "costOfGoodsSold": 187,
        "depreciationAmortization": 175.6,
        "dilutedAverageSharesOutstanding": 147.8,
        "dilutedEPS": 0.19,
        "ebit": 115.9,
        "gainLossOnDispositionOfAssets": 0,
        "grossIncome": 327.9,
        "interestExpense": 59.909,
        "interestIncomeExpense": -59.1,
        "minorityInterest": -0.6,
        "netIncome": 28,
        "netIncomeAfterTaxes": 50.9,
        "nonRecurringItems": -3.6,
        "otherOperatingExpensesTotal": 0,
        "period": "2016-06-30",
        "pretaxIncome": 53.2,
        "provisionforIncomeTaxes": 2.3,
        "revenue": 514.9,
        "sgaExpense": 36.4,
        "totalOperatingExpense": 212
      },
      {
        "costOfGoodsSold": 181.5,
        "depreciationAmortization": 169,
        "dilutedAverageSharesOutstanding": 147.4,
        "dilutedEPS": 0.27,
        "ebit": 120.1,
        "gainLossOnDispositionOfAssets": 1.1,
        "grossIncome": 322.7,
        "interestExpense": 57.261,
        "interestIncomeExpense": -53.8,
        "minorityInterest": -0.8,
        "netIncome": 39.1,
        "netIncomeAfterTaxes": 62.3,
        "nonRecurringItems": -2.9,
        "otherOperatingExpensesTotal": 0,
        "period": "2016-03-31",
        "pretaxIncome": 64.4,
        "provisionforIncomeTaxes": 2.1,
        "revenue": 504.2,
        "sgaExpense": 33.7,
        "totalOperatingExpense": 202.6
      },
      {
        "costOfGoodsSold": 183.7,
        "depreciationAmortization": 173,
        "dilutedAverageSharesOutstanding": 145.6,
        "dilutedEPS": -0.27,
        "ebit": 44.5,
        "gainLossOnDispositionOfAssets": 0.3,
        "grossIncome": 316.7,
        "interestExpense": 61.717,
        "interestIncomeExpense": -57.9,
        "minorityInterest": 0.6,
        "netIncome": -40,
        "netIncomeAfterTaxes": -16.6,
        "nonRecurringItems": -3.1,
        "otherOperatingExpensesTotal": 60.9,
        "period": "2015-12-31",
        "pretaxIncome": -16.2,
        "provisionforIncomeTaxes": 0.4,
        "revenue": 500.4,
        "sgaExpense": 38.3,
        "totalOperatingExpense": 272.2
      },
      {
        "costOfGoodsSold": 160.5,
        "depreciationAmortization": 137,
        "dilutedAverageSharesOutstanding": 138.3,
        "dilutedEPS": 0.28,
        "ebit": 115.1,
        "gainLossOnDispositionOfAssets": -0.2,
        "grossIncome": 275.5,
        "interestExpense": 48.138,
        "interestIncomeExpense": -44.3,
        "minorityInterest": -0.9,
        "netIncome": 38.5,
        "netIncomeAfterTaxes": 57.8,
        "nonRecurringItems": -11,
        "otherOperatingExpensesTotal": -1.5,
        "period": "2015-09-30",
        "pretaxIncome": 59.6,
        "provisionforIncomeTaxes": 1.8,
        "revenue": 436,
        "sgaExpense": 24.9,
        "totalOperatingExpense": 160.4
      }
    ],
    "symbol": "DLR"
  }
}