{
  "symbol": "PFG",
  "statement": "ic",
  "frequency": "quarterly",
  "timestamp": "2025-09-19T14:05:42.712060",
  "data": {
    "financials": [
      {
        "benefitsClaimsLossAdjustment": 1835.6,
        "dilutedAverageSharesOutstanding": 226.5,
        "dilutedEPS": 1.7934,
        "ebit": 497.1,
        "grossPremiumsEarned": 2479.1,
        "interestIncomeExpense": 6,
        "minorityInterest": -27.3,
        "netIncome": 406.2,
        "netIncomeAfterTaxes": 433.5,
        "otherOperatingExpensesTotal": 1295.4,
        "period": "2025-06-30",
        "pretaxIncome": 503.1,
        "provisionforIncomeTaxes": 69.6,
        "revenue": 3651,
        "sgaExpense": 22.9,
        "totalOperatingExpense": 3153.9
      },
      {
        "benefitsClaimsLossAdjustment": 2222.2,
        "dilutedAverageSharesOutstanding": 228.8,
        "dilutedEPS": 0.2102,
        "ebit": 273.3,
        "grossPremiumsEarned": 2829,
        "interestIncomeExpense": -244.4,
        "minorityInterest": -14.8,
        "netIncome": 48.1,
        "netIncomeAfterTaxes": 62.9,
        "otherOperatingExpensesTotal": 1391,
        "period": "2025-03-31",
        "pretaxIncome": 28.9,
        "provisionforIncomeTaxes": -34,
        "revenue": 3905.6,
        "sgaExpense": 19.1,
        "totalOperatingExpense": 3632.3
      },
      {
        "benefitsClaimsLossAdjustment": 2252.7,
        "dilutedAverageSharesOutstanding": 231.4,
        "dilutedEPS": 3.9127,
        "ebit": 309.3,
        "grossPremiumsEarned": 2941.2,
        "interestIncomeExpense": 803.1,
        "minorityInterest": 2.9,
        "netIncome": 905.4,
        "netIncomeAfterTaxes": 902.5,
        "otherOperatingExpensesTotal": 1363.9,
        "period": "2024-12-31",
        "pretaxIncome": 1112.4,
        "provisionforIncomeTaxes": 209.9,
        "revenue": 3957.7,
        "sgaExpense": 31.8,
        "totalOperatingExpense": 3648.4
      },
      {
        "benefitsClaimsLossAdjustment": 1900.6,
        "dilutedAverageSharesOutstanding": 230.7,
        "dilutedEPS": -0.9536,
        "ebit": 537,
        "grossPremiumsEarned": 2504,
        "interestIncomeExpense": -830.8,
        "minorityInterest": -26.6,
        "netIncome": -220,
        "netIncomeAfterTaxes": -193.4,
        "otherOperatingExpensesTotal": 1335.9,
        "period": "2024-09-30",
        "pretaxIncome": -293.8,
        "provisionforIncomeTaxes": -100.4,
        "revenue": 3788.4,
        "sgaExpense": 14.9,
        "totalOperatingExpense": 3251.4
      },
      {
        "benefitsClaimsLossAdjustment": 2522.7,
        "dilutedAverageSharesOutstanding": 236.6,
        "dilutedEPS": 1.4924,
        "ebit": 210.6,
        "grossPremiumsEarned": 2988,
        "interestIncomeExpense": 233.3,
        "minorityInterest": -3.7,
        "netIncome": 353.1,
        "netIncomeAfterTaxes": 356.8,
        "otherOperatingExpensesTotal": 1320.7,
        "period": "2024-06-30",
        "pretaxIncome": 443.9,
        "provisionforIncomeTaxes": 87.1,
        "revenue": 4077.9,
        "sgaExpense": 23.9,
        "totalOperatingExpense": 3867.3
      },
      {
        "benefitsClaimsLossAdjustment": 2068,
        "dilutedAverageSharesOutstanding": 239.4,
        "dilutedEPS": 2.2243,
        "ebit": 415.6,
        "grossPremiumsEarned": 2737.5,
        "interestIncomeExpense": 211.5,
        "minorityInterest": 0.5,
        "netIncome": 532.5,
        "netIncomeAfterTaxes": 532,
        "otherOperatingExpensesTotal": 1343.4,
        "period": "2024-03-31",
        "pretaxIncome": 627.1,
        "provisionforIncomeTaxes": 95.1,
        "revenue": 3856.3,
        "sgaExpense": 29.3,
        "totalOperatingExpense": 3440.7
      },
      {
        "benefitsClaimsLossAdjustment": 2465.2,
        "dilutedAverageSharesOutstanding": 238,
        "dilutedEPS": -3.6626,
        "ebit": 391.9,
        "grossPremiumsEarned": 3109,
        "interestIncomeExpense": -1499.1,
        "minorityInterest": -32.5,
        "netIncome": -871.7,
        "netIncomeAfterTaxes": -839.2,
        "otherOperatingExpensesTotal": 1290.4,
        "period": "2023-12-31",
        "pretaxIncome": -1107.2,
        "provisionforIncomeTaxes": -268,
        "revenue": 4169.4,
        "sgaExpense": 21.9,
        "totalOperatingExpense": 3777.5
      },
      {
        "benefitsClaimsLossAdjustment": 1668.3,
        "dilutedAverageSharesOutstanding": 244.3,
        "dilutedEPS": 5.1011,
        "ebit": 697.7,
        "grossPremiumsEarned": 2503.6,
        "interestIncomeExpense": 907.2,
        "minorityInterest": -3.9,
        "netIncome": 1246.2,
        "netIncomeAfterTaxes": 1250.1,
        "otherOperatingExpensesTotal": 1286.1,
        "period": "2023-09-30",
        "pretaxIncome": 1604.9,
        "provisionforIncomeTaxes": 354.8,
        "revenue": 3314.5,
        "sgaExpense": 21,
        "totalOperatingExpense": 2975.4
      },
      {
        "benefitsClaimsLossAdjustment": 1834.8,
        "dilutedAverageSharesOutstanding": 245.5,
        "dilutedEPS": 1.5837,
        "ebit": 352.8,
        "grossPremiumsEarned": 2510.3,
        "interestIncomeExpense": 100.8,
        "minorityInterest": -4.9,
        "netIncome": 388.8,
        "netIncomeAfterTaxes": 393.7,
        "otherOperatingExpensesTotal": 1252.7,
        "period": "2023-06-30",
        "pretaxIncome": 453.6,
        "provisionforIncomeTaxes": 59.9,
        "revenue": 3463.4,
        "sgaExpense": 23.1,
        "totalOperatingExpense": 3110.6
      },
      {
        "benefitsClaimsLossAdjustment": 1768.3,
        "dilutedAverageSharesOutstanding": 243.4,
        "dilutedEPS": -0.5756,
        "ebit": 411.2,
        "grossPremiumsEarned": 2443.9,
        "interestIncomeExpense": -623.7,
        "minorityInterest": -5.6,
        "netIncome": -140.1,
        "netIncomeAfterTaxes": -134.5,
        "otherOperatingExpensesTotal": 1242.9,
        "period": "2023-03-31",
        "pretaxIncome": -212.5,
        "provisionforIncomeTaxes": -78,
        "revenue": 3445.6,
        "sgaExpense": 23.2,
        "totalOperatingExpense": 3034.4
      },
      {
        "benefitsClaimsLossAdjustment": 1897.5,
        "dilutedAverageSharesOutstanding": 244.5,
        "dilutedEPS": -0.0389,
        "ebit": 657.1,
        "grossPremiumsEarned": 2599,
        "interestIncomeExpense": -652.2,
        "minorityInterest": -25,
        "netIncome": -9.5,
        "netIncomeAfterTaxes": 15.5,
        "otherOperatingExpensesTotal": 1196.9,
        "period": "2022-12-31",
        "pretaxIncome": 4.9,
        "provisionforIncomeTaxes": -10.6,
        "revenue": 3774.2,
        "sgaExpense": 22.7,
        "totalOperatingExpense": 3117.1
      },
      {
        "benefitsClaimsLossAdjustment": 1734.8,
        "dilutedAverageSharesOutstanding": 251.9,
        "dilutedEPS": 5.5002,
        "ebit": 492.4,
        "grossPremiumsEarned": 2502.2,
        "interestIncomeExpense": 1237.7,
        "minorityInterest": 4.1,
        "netIncome": 1385.5,
        "netIncomeAfterTaxes": 1381.4,
        "otherOperatingExpensesTotal": 1111.5,
        "period": "2022-09-30",
        "pretaxIncome": 1730.1,
        "provisionforIncomeTaxes": 348.7,
        "revenue": 3363.2,
        "sgaExpense": 24.5,
        "totalOperatingExpense": 2870.8
      },
      {
        "benefitsClaimsLossAdjustment": 1278.6,
        "dilutedAverageSharesOutstanding": 256.3,
        "dilutedEPS": 11.9368,
        "ebit": 829.8,
        "grossPremiumsEarned": 2313.8,
        "interestIncomeExpense": 3067.3,
        "minorityInterest": -15.2,
        "netIncome": 3059.4,
        "netIncomeAfterTaxes": 3074.6,
        "otherOperatingExpensesTotal": 1458.5,
        "period": "2022-06-30",
        "pretaxIncome": 3897.1,
        "provisionforIncomeTaxes": 822.5,
        "revenue": 3591.4,
        "sgaExpense": 24.5,
        "totalOperatingExpense": 2761.6
      },
      {
        "benefitsClaimsLossAdjustment": 1459.9,
        "dilutedAverageSharesOutstanding": 263.8,
        "dilutedEPS": 1.4261,
        "ebit": 428,
        "grossPremiumsEarned": 2102.4,
        "minorityInterest": -4.5,
        "netIncome": 376.2,
        "netIncomeAfterTaxes": 380.7,
        "otherOperatingExpensesTotal": 1199,
        "period": "2022-03-31",
        "pretaxIncome": 428,
        "provisionforIncomeTaxes": 47.3,
        "revenue": 3110,
        "sgaExpense": 23.1,
        "totalOperatingExpense": 2682
      },
      {
        "benefitsClaimsLossAdjustment": 2138.6,
        "dilutedAverageSharesOutstanding": 268.4,
        "dilutedEPS": 1.7578,
        "ebit": 609,
        "grossPremiumsEarned": 2807.8,
        "minorityInterest": -33.4,
        "netIncome": 471.8,
        "netIncomeAfterTaxes": 505.2,
        "otherOperatingExpensesTotal": 1324,
        "period": "2021-12-31",
        "pretaxIncome": 609,
        "provisionforIncomeTaxes": 103.8,
        "revenue": 4091.1,
        "sgaExpense": 19.5,
        "totalOperatingExpense": 3482.1
      },
      {
        "benefitsClaimsLossAdjustment": 1770.9,
        "dilutedAverageSharesOutstanding": 271.9,
        "dilutedEPS": 1.3237,
        "ebit": 428.1,
        "grossPremiumsEarned": 2482.3,
        "minorityInterest": -4.4,
        "netIncome": 359.9,
        "netIncomeAfterTaxes": 364.3,
        "otherOperatingExpensesTotal": 1196.5,
        "period": "2021-09-30",
        "pretaxIncome": 428.1,
        "provisionforIncomeTaxes": 63.8,
        "revenue": 3423.7,
        "sgaExpense": 28.2,
        "totalOperatingExpense": 2995.6
      },
      {
        "benefitsClaimsLossAdjustment": 1812.8,
        "dilutedAverageSharesOutstanding": 275.1,
        "dilutedEPS": 1.3152,
        "ebit": 432.6,
        "grossPremiumsEarned": 2535,
        "minorityInterest": -9.8,
        "netIncome": 361.8,
        "netIncomeAfterTaxes": 371.6,
        "otherOperatingExpensesTotal": 1265.1,
        "period": "2021-06-30",
        "pretaxIncome": 432.6,
        "provisionforIncomeTaxes": 61,
        "revenue": 3539.4,
        "sgaExpense": 28.9,
        "totalOperatingExpense": 3106.8
      },
      {
        "benefitsClaimsLossAdjustment": 1374.7,
        "dilutedAverageSharesOutstanding": 276,
        "dilutedEPS": 1.87,
        "ebit": 613.9,
        "grossPremiumsEarned": 2029,
        "minorityInterest": 0.8,
        "netIncome": 517.1,
        "netIncomeAfterTaxes": 516.3,
        "otherOperatingExpensesTotal": 1201.7,
        "period": "2021-03-31",
        "pretaxIncome": 613.9,
        "provisionforIncomeTaxes": 97.6,
        "revenue": 3208.5,
        "sgaExpense": 18.2,
        "totalOperatingExpense": 2594.6
      },
      {
        "benefitsClaimsLossAdjustment": 1981.7,
        "dilutedAverageSharesOutstanding": 277.2,
        "dilutedEPS": 1.7,
        "ebit": 591.6,
        "grossPremiumsEarned": 2587.5,
        "minorityInterest": -18.9,
        "netIncome": 472.6,
        "netIncomeAfterTaxes": 491.5,
        "otherOperatingExpensesTotal": 1161.8,
        "period": "2020-12-31",
        "pretaxIncome": 591.6,
        "provisionforIncomeTaxes": 100.1,
        "revenue": 3765.1,
        "sgaExpense": 30,
        "totalOperatingExpense": 3173.5
      },
      {
        "benefitsClaimsLossAdjustment": 1839.8,
        "dilutedAverageSharesOutstanding": 276.8,
        "dilutedEPS": 0.85,
        "ebit": 275.1,
        "grossPremiumsEarned": 2327.3,
        "minorityInterest": 0.1,
        "netIncome": 236,
        "netIncomeAfterTaxes": 235.9,
        "otherOperatingExpensesTotal": 1165.9,
        "period": "2020-09-30",
        "pretaxIncome": 275.1,
        "provisionforIncomeTaxes": 39.2,
        "revenue": 3310.7,
        "sgaExpense": 29.9,
        "totalOperatingExpense": 3035.6
      },
      {
        "benefitsClaimsLossAdjustment": 1601.3,
        "dilutedAverageSharesOutstanding": 275.6,
        "dilutedEPS": 1.45,
        "ebit": 498.6,
        "grossPremiumsEarned": 2197.4,
        "minorityInterest": -17.8,
        "netIncome": 398.3,
        "netIncomeAfterTaxes": 416.1,
        "otherOperatingExpensesTotal": 983.3,
        "period": "2020-06-30",
        "pretaxIncome": 498.6,
        "provisionforIncomeTaxes": 82.5,
        "revenue": 3114.6,
        "sgaExpense": 31.4,
        "totalOperatingExpense": 2616
      },
      {
        "benefitsClaimsLossAdjustment": 2858.7,
        "dilutedAverageSharesOutstanding": 277.2,
        "dilutedEPS": 1.04,
        "ebit": 328.2,
        "grossPremiumsEarned": 3436.3,
        "minorityInterest": 3.9,
        "netIncome": 288.9,
        "netIncomeAfterTaxes": 285,
        "otherOperatingExpensesTotal": 1335.5,
        "period": "2020-03-31",
        "pretaxIncome": 328.2,
        "provisionforIncomeTaxes": 43.2,
        "revenue": 4551.3,
        "sgaExpense": 28.9,
        "totalOperatingExpense": 4223.1
      },
      {
        "benefitsClaimsLossAdjustment": 2424.5,
        "depreciationAmortization": 3.8,
        "dilutedAverageSharesOutstanding": 280.1,
        "dilutedEPS": 1.07,
        "ebit": 379.8,
        "grossPremiumsEarned": 3134.4,
        "interestExpense": 0.2,
        "interestIncomeExpense": -0.2,
        "minorityInterest": -14.4,
        "netIncome": 300.9,
        "netIncomeAfterTaxes": 315.3,
        "nonRecurringItems": -8.3,
        "otherOperatingExpensesTotal": 1203.2,
        "period": "2019-12-31",
        "pretaxIncome": 371.3,
        "provisionforIncomeTaxes": 56,
        "revenue": 4055.5,
        "sgaExpense": 44.2,
        "totalOperatingExpense": 3675.7
      },
      {
        "benefitsClaimsLossAdjustment": 2840.1,
        "depreciationAmortization": 3.8,
        "dilutedAverageSharesOutstanding": 281.4,
        "dilutedEPS": 0.98,
        "ebit": 357.1,
        "grossPremiumsEarned": 3504.2,
        "interestExpense": 0.3,
        "interestIncomeExpense": -0.3,
        "minorityInterest": -7.5,
        "netIncome": 277.1,
        "netIncomeAfterTaxes": 284.6,
        "nonRecurringItems": -11.1,
        "otherOperatingExpensesTotal": 1222.2,
        "period": "2019-09-30",
        "pretaxIncome": 345.7,
        "provisionforIncomeTaxes": 61.1,
        "revenue": 4469.5,
        "sgaExpense": 46.3,
        "totalOperatingExpense": 4112.4
      },
      {
        "benefitsClaimsLossAdjustment": 2446.1,
        "depreciationAmortization": 3.5,
        "dilutedAverageSharesOutstanding": 281.2,
        "dilutedEPS": 1.37,
        "ebit": 467.8,
        "grossPremiumsEarned": 2939.5,
        "interestExpense": 0.2,
        "interestIncomeExpense": -0.2,
        "minorityInterest": -5.8,
        "netIncome": 386.3,
        "netIncomeAfterTaxes": 392.1,
        "nonRecurringItems": -17.3,
        "otherOperatingExpensesTotal": 1026.4,
        "period": "2019-06-30",
        "pretaxIncome": 450.3,
        "provisionforIncomeTaxes": 58.2,
        "revenue": 3989.9,
        "sgaExpense": 46.1,
        "totalOperatingExpense": 3522.1
      },
      {
        "benefitsClaimsLossAdjustment": 2195.1,
        "depreciationAmortization": 3.5,
        "dilutedAverageSharesOutstanding": 280.9,
        "dilutedEPS": 1.53,
        "ebit": 533.1,
        "grossPremiumsEarned": 2698.4,
        "interestExpense": 0.3,
        "interestIncomeExpense": -0.3,
        "minorityInterest": -22.2,
        "netIncome": 429.9,
        "netIncomeAfterTaxes": 452.1,
        "nonRecurringItems": -6.8,
        "otherOperatingExpensesTotal": 972.7,
        "period": "2019-03-31",
        "pretaxIncome": 526,
        "provisionforIncomeTaxes": 73.9,
        "revenue": 3750.7,
        "sgaExpense": 46.3,
        "totalOperatingExpense": 3217.6
      },
      {
        "benefitsClaimsLossAdjustment": 2440.1,
        "dilutedAverageSharesOutstanding": 285.2,
        "dilutedEPS": 0.83,
        "ebit": 249.5,
        "grossPremiumsEarned": 2964.3,
        "minorityInterest": 4.8,
        "netIncome": 236.5,
        "netIncomeAfterTaxes": 231.7,
        "nonRecurringItems": -6.6,
        "otherOperatingExpensesTotal": 1056.6,
        "period": "2018-12-31",
        "pretaxIncome": 242.9,
        "provisionforIncomeTaxes": 11.2,
        "revenue": 3777.2,
        "sgaExpense": 31,
        "totalOperatingExpense": 3527.7
      },
      {
        "benefitsClaimsLossAdjustment": 2642.1,
        "dilutedAverageSharesOutstanding": 287.8,
        "dilutedEPS": 1.59,
        "ebit": 572.7,
        "grossPremiumsEarned": 3434.2,
        "minorityInterest": -3.7,
        "netIncome": 456.3,
        "netIncomeAfterTaxes": 460,
        "nonRecurringItems": -3.6,
        "otherOperatingExpensesTotal": 1105,
        "period": "2018-09-30",
        "pretaxIncome": 569.1,
        "provisionforIncomeTaxes": 109.1,
        "revenue": 4351.7,
        "sgaExpense": 31.9,
        "totalOperatingExpense": 3779
      },
      {
        "benefitsClaimsLossAdjustment": 1699.2,
        "dilutedAverageSharesOutstanding": 289.2,
        "dilutedEPS": 1.58,
        "ebit": 524.4,
        "grossPremiumsEarned": 2278.4,
        "minorityInterest": -2.9,
        "netIncome": 456.6,
        "netIncomeAfterTaxes": 459.5,
        "nonRecurringItems": -9,
        "otherOperatingExpensesTotal": 990.1,
        "period": "2018-06-30",
        "pretaxIncome": 515.4,
        "provisionforIncomeTaxes": 55.9,
        "revenue": 3243.9,
        "sgaExpense": 30.2,
        "totalOperatingExpense": 2719.5
      },
      {
        "benefitsClaimsLossAdjustment": 1411.1,
        "dilutedAverageSharesOutstanding": 292.9,
        "dilutedEPS": 1.36,
        "ebit": 466.9,
        "grossPremiumsEarned": 2006.5,
        "minorityInterest": -5.4,
        "netIncome": 397.1,
        "netIncomeAfterTaxes": 402.5,
        "nonRecurringItems": -9.9,
        "otherOperatingExpensesTotal": 985,
        "period": "2018-03-31",
        "pretaxIncome": 457,
        "provisionforIncomeTaxes": 54.5,
        "revenue": 2893.5,
        "sgaExpense": 30.5,
        "totalOperatingExpense": 2426.6
      },
      {
        "benefitsClaimsLossAdjustment": 1801.9,
        "dilutedAverageSharesOutstanding": 294.3,
        "dilutedEPS": 2.86,
        "ebit": 337,
        "grossPremiumsEarned": 2400.1,
        "minorityInterest": -1.1,
        "netIncome": 841.8,
        "netIncomeAfterTaxes": 246.2,
        "nonRecurringItems": -22.2,
        "otherOperatingExpensesTotal": 1089.1,
        "period": "2017-12-31",
        "pretaxIncome": 314.8,
        "provisionforIncomeTaxes": 68.6,
        "revenue": 3259.9,
        "sgaExpense": 31.9,
        "totalOperatingExpense": 2922.9
      },
      {
        "benefitsClaimsLossAdjustment": 2504.6,
        "dilutedAverageSharesOutstanding": 293.1,
        "dilutedEPS": 2.76,
        "ebit": 1174.4,
        "grossPremiumsEarned": 3113.2,
        "minorityInterest": -3,
        "netIncome": 810.2,
        "netIncomeAfterTaxes": 813.2,
        "nonRecurringItems": -16.6,
        "otherOperatingExpensesTotal": 932.8,
        "period": "2017-09-30",
        "pretaxIncome": 1157.8,
        "provisionforIncomeTaxes": 344.6,
        "revenue": 4644.4,
        "sgaExpense": 32.6,
        "totalOperatingExpense": 3470
      },
      {
        "benefitsClaimsLossAdjustment": 1858.8,
        "dilutedAverageSharesOutstanding": 292.7,
        "dilutedEPS": 1.06,
        "ebit": 379.8,
        "grossPremiumsEarned": 2407.8,
        "minorityInterest": -5.3,
        "netIncome": 309.5,
        "netIncomeAfterTaxes": 314.8,
        "nonRecurringItems": -14.2,
        "otherOperatingExpensesTotal": 928.7,
        "period": "2017-06-30",
        "pretaxIncome": 365.6,
        "provisionforIncomeTaxes": 50.8,
        "revenue": 3192.5,
        "sgaExpense": 25.2,
        "totalOperatingExpense": 2812.7
      },
      {
        "benefitsClaimsLossAdjustment": 1657.3,
        "dilutedAverageSharesOutstanding": 292.4,
        "dilutedEPS": 1.19,
        "ebit": 442.8,
        "grossPremiumsEarned": 2188.6,
        "minorityInterest": -4.7,
        "netIncome": 348.9,
        "netIncomeAfterTaxes": 353.6,
        "nonRecurringItems": -28.8,
        "otherOperatingExpensesTotal": 943.2,
        "period": "2017-03-31",
        "pretaxIncome": 414,
        "provisionforIncomeTaxes": 60.4,
        "revenue": 3078.2,
        "sgaExpense": 34.9,
        "totalOperatingExpense": 2635.4
      },
      {
        "benefitsClaimsLossAdjustment": 2112.6,
        "dilutedAverageSharesOutstanding": 292.4,
        "dilutedEPS": 1.09,
        "ebit": 410.3,
        "grossPremiumsEarned": 2677.7,
        "minorityInterest": -20.2,
        "netIncome": 318,
        "netIncomeAfterTaxes": 338.2,
        "nonRecurringItems": -29,
        "otherOperatingExpensesTotal": 985.6,
        "period": "2016-12-31",
        "pretaxIncome": 381.3,
        "provisionforIncomeTaxes": 43.1,
        "revenue": 3542.8,
        "sgaExpense": 34.3,
        "totalOperatingExpense": 3132.5
      },
      {
        "benefitsClaimsLossAdjustment": 1482.2,
        "dilutedAverageSharesOutstanding": 291.4,
        "dilutedEPS": 1.06,
        "ebit": 382,
        "grossPremiumsEarned": 1917.7,
        "minorityInterest": -19.2,
        "netIncome": 308.2,
        "netIncomeAfterTaxes": 327.4,
        "nonRecurringItems": -11.3,
        "otherOperatingExpensesTotal": 919.6,
        "period": "2016-09-30",
        "pretaxIncome": 370.7,
        "provisionforIncomeTaxes": 43.3,
        "revenue": 2829.3,
        "sgaExpense": 45.5,
        "totalOperatingExpense": 2447.3
      },
      {
        "benefitsClaimsLossAdjustment": 1659.9,
        "dilutedAverageSharesOutstanding": 292.6,
        "dilutedEPS": 1.1,
        "ebit": 409.9,
        "grossPremiumsEarned": 2192.8,
        "minorityInterest": -4.7,
        "netIncome": 322.3,
        "netIncomeAfterTaxes": 327,
        "nonRecurringItems": -10,
        "otherOperatingExpensesTotal": 927.9,
        "period": "2016-06-30",
        "pretaxIncome": 399.9,
        "provisionforIncomeTaxes": 72.9,
        "revenue": 3035.7,
        "sgaExpense": 38,
        "totalOperatingExpense": 2625.8
      },
      {
        "benefitsClaimsLossAdjustment": 1658.5,
        "dilutedAverageSharesOutstanding": 294.3,
        "dilutedEPS": 1.25,
        "ebit": 487.9,
        "grossPremiumsEarned": 2138.3,
        "minorityInterest": -1.2,
        "netIncome": 368,
        "netIncomeAfterTaxes": 369.2,
        "nonRecurringItems": -48.1,
        "otherOperatingExpensesTotal": 899.5,
        "period": "2016-03-31",
        "pretaxIncome": 439.8,
        "provisionforIncomeTaxes": 70.6,
        "revenue": 3084.7,
        "sgaExpense": 38.8,
        "totalOperatingExpense": 2596.8
      },
      {
        "benefitsClaimsLossAdjustment": 1537.2,
        "dilutedAverageSharesOutstanding": 296.5,
        "dilutedEPS": 0.86,
        "ebit": 318.1,
        "grossPremiumsEarned": 2063.3,
        "minorityInterest": -4.7,
        "netIncome": 253.6,
        "netIncomeAfterTaxes": 258.3,
        "nonRecurringItems": -9.1,
        "otherOperatingExpensesTotal": 920.8,
        "period": "2015-12-31",
        "pretaxIncome": 309,
        "provisionforIncomeTaxes": 50.7,
        "revenue": 2816.1,
        "sgaExpense": 40,
        "totalOperatingExpense": 2498
      },
      {
        "benefitsClaimsLossAdjustment": 1869.6,
        "dilutedAverageSharesOutstanding": 298.5,
        "dilutedEPS": 1.01,
        "ebit": 376.8,
        "grossPremiumsEarned": 2449,
        "minorityInterest": -0.5,
        "netIncome": 300.4,
        "netIncomeAfterTaxes": 300.9,
        "nonRecurringItems": -7.6,
        "otherOperatingExpensesTotal": 961.4,
        "period": "2015-09-30",
        "pretaxIncome": 369.2,
        "provisionforIncomeTaxes": 68.3,
        "revenue": 3248.5,
        "sgaExpense": 40.7,
        "totalOperatingExpense": 2871.7
      }
    ],
    "symbol": "PFG"
  }
}