{
  "symbol": "ICE",
  "statement": "ic",
  "frequency": "annual",
  "timestamp": "2025-09-19T14:02:07.976933",
  "data": {
    "financials": [
      {
        "costOfGoodsSold": 2482,
        "depreciationAmortization": 1537,
        "dilutedAverageSharesOutstanding": 576,
        "dilutedEPS": 4.78,
        "ebit": 4413,
        "grossIncome": 9279,
        "interestExpense": 910,
        "interestIncomeExpense": -847,
        "minorityInterest": -48,
        "netIncome": 2754,
        "netIncomeAfterTaxes": 2802,
        "nonRecurringItems": -104,
        "period": "2024-12-31",
        "pretaxIncome": 3628,
        "provisionforIncomeTaxes": 826,
        "revenue": 11761,
        "sgaExpense": 3329,
        "totalOperatingExpense": 4866,
        "totalOtherIncomeExpenseNet": 166,
        "year": 2024
      },
      {
        "costOfGoodsSold": 1915,
        "depreciationAmortization": 1215,
        "dilutedAverageSharesOutstanding": 565,
        "dilutedEPS": 4.19,
        "ebit": 3963,
        "grossIncome": 7988,
        "interestExpense": 808,
        "interestIncomeExpense": -623,
        "minorityInterest": -70,
        "netIncome": 2368,
        "netIncomeAfterTaxes": 2438,
        "nonRecurringItems": -269,
        "period": "2023-12-31",
        "pretaxIncome": 2894,
        "provisionforIncomeTaxes": 456,
        "revenue": 9903,
        "sgaExpense": 2810,
        "totalOperatingExpense": 4025,
        "totalOtherIncomeExpenseNet": -177,
        "year": 2023
      },
      {
        "costOfGoodsSold": 2344,
        "depreciationAmortization": 1031,
        "dilutedAverageSharesOutstanding": 561,
        "dilutedEPS": 2.58,
        "ebit": 3731,
        "grossIncome": 7292,
        "interestExpense": 616,
        "interestIncomeExpense": -1776,
        "minorityInterest": -52,
        "netIncome": 1446,
        "netIncomeAfterTaxes": 1498,
        "nonRecurringItems": -102,
        "period": "2022-12-31",
        "pretaxIncome": 1808,
        "provisionforIncomeTaxes": 310,
        "revenue": 9636,
        "sgaExpense": 2530,
        "totalOperatingExpense": 3561,
        "totalOtherIncomeExpenseNet": -45,
        "year": 2022
      },
      {
        "costOfGoodsSold": 2022,
        "depreciationAmortization": 1009,
        "dilutedAverageSharesOutstanding": 565,
        "dilutedEPS": 7.18,
        "ebit": 3551,
        "grossIncome": 7146,
        "interestExpense": 423,
        "interestIncomeExpense": 844,
        "minorityInterest": -11,
        "netIncome": 4058,
        "netIncomeAfterTaxes": 4069,
        "nonRecurringItems": 1308,
        "period": "2021-12-31",
        "pretaxIncome": 5698,
        "provisionforIncomeTaxes": 1629,
        "revenue": 9168,
        "sgaExpense": 2586,
        "totalOperatingExpense": 3595,
        "totalOtherIncomeExpenseNet": -5,
        "year": 2021
      },
      {
        "costOfGoodsSold": 2208,
        "depreciationAmortization": 751,
        "dilutedAverageSharesOutstanding": 555,
        "dilutedEPS": 3.76,
        "ebit": 3138,
        "grossIncome": 6036,
        "interestExpense": 357,
        "interestIncomeExpense": -271,
        "minorityInterest": -19,
        "netIncome": 2089,
        "netIncomeAfterTaxes": 2108,
        "nonRecurringItems": -105,
        "period": "2020-12-31",
        "pretaxIncome": 2766,
        "provisionforIncomeTaxes": 658,
        "revenue": 8244,
        "sgaExpense": 2147,
        "totalOperatingExpense": 2898,
        "totalOtherIncomeExpenseNet": 4,
        "year": 2020
      },
      {
        "costOfGoodsSold": 1345,
        "depreciationAmortization": 662,
        "dilutedAverageSharesOutstanding": 565,
        "dilutedEPS": 3.42,
        "ebit": 2675,
        "grossIncome": 5202,
        "interestExpense": 285,
        "interestIncomeExpense": -250,
        "minorityInterest": -27,
        "netIncome": 1933,
        "netIncomeAfterTaxes": 1960,
        "nonRecurringItems": -2,
        "period": "2019-12-31",
        "pretaxIncome": 2481,
        "provisionforIncomeTaxes": 521,
        "revenue": 6547,
        "sgaExpense": 1865,
        "totalOperatingExpense": 2527,
        "totalOtherIncomeExpenseNet": 58,
        "year": 2019
      },
      {
        "costOfGoodsSold": 1297,
        "depreciationAmortization": 586,
        "dilutedAverageSharesOutstanding": 579,
        "dilutedEPS": 3.43,
        "ebit": 2617,
        "grossIncome": 4979,
        "interestExpense": 244,
        "interestIncomeExpense": -222,
        "minorityInterest": -32,
        "netIncome": 1988,
        "netIncomeAfterTaxes": 2009,
        "nonRecurringItems": -34,
        "period": "2018-12-31",
        "pretaxIncome": 2520,
        "provisionforIncomeTaxes": 511,
        "revenue": 6276,
        "sgaExpense": 1776,
        "totalOperatingExpense": 2362,
        "totalOtherIncomeExpenseNet": 159,
        "year": 2018
      },
      {
        "costOfGoodsSold": 1205,
        "depreciationAmortization": 535,
        "dilutedAverageSharesOutstanding": 594,
        "dilutedEPS": 4.25,
        "ebit": 2415,
        "grossIncome": 4638,
        "interestExpense": 187,
        "interestIncomeExpense": -179,
        "minorityInterest": -28,
        "netIncome": 2526,
        "netIncomeAfterTaxes": 1790,
        "nonRecurringItems": -36,
        "period": "2017-12-31",
        "pretaxIncome": 2526,
        "provisionforIncomeTaxes": 736,
        "revenue": 5843,
        "sgaExpense": 1688,
        "totalOperatingExpense": 2223,
        "totalOtherIncomeExpenseNet": 326,
        "year": 2017
      },
      {
        "costOfGoodsSold": 1459,
        "depreciationAmortization": 610,
        "dilutedAverageSharesOutstanding": 599,
        "dilutedEPS": 2.39,
        "ebit": 2252,
        "grossIncome": 4512,
        "interestExpense": 178,
        "interestIncomeExpense": -175,
        "minorityInterest": -27,
        "netIncome": 1430,
        "netIncomeAfterTaxes": 1457,
        "nonRecurringItems": -80,
        "period": "2016-12-31",
        "pretaxIncome": 2043,
        "provisionforIncomeTaxes": 586,
        "revenue": 5971,
        "sgaExpense": 1650,
        "totalOperatingExpense": 2260,
        "totalOtherIncomeExpenseNet": 46,
        "year": 2016
      },
      {
        "costOfGoodsSold": 1344,
        "depreciationAmortization": 374,
        "dilutedAverageSharesOutstanding": 560,
        "dilutedEPS": 2.28,
        "ebit": 1838,
        "grossIncome": 3338,
        "interestExpense": 97,
        "interestIncomeExpense": -97,
        "minorityInterest": -21,
        "netIncome": 1274,
        "netIncomeAfterTaxes": 1295,
        "nonRecurringItems": -88,
        "period": "2015-12-31",
        "pretaxIncome": 1653,
        "provisionforIncomeTaxes": 358,
        "revenue": 4682,
        "sgaExpense": 1126,
        "totalOperatingExpense": 1500,
        "totalOtherIncomeExpenseNet": 0,
        "year": 2015
      }
    ],
    "symbol": "ICE"
  }
}