{
  "symbol": "AON",
  "statement": "ic",
  "frequency": "quarterly",
  "timestamp": "2025-09-19T13:56:04.480218",
  "data": {
    "financials": [
      {
        "costOfGoodsSold": 2360,
        "depreciationAmortization": 248,
        "dilutedAverageSharesOutstanding": 217.3,
        "dilutedEPS": 2.6645,
        "ebit": 953,
        "grossIncome": 1795,
        "interestExpense": 212,
        "interestIncomeExpense": -135,
        "minorityInterest": -15,
        "netIncome": 579,
        "netIncomeAfterTaxes": 594,
        "nonRecurringItems": -94,
        "period": "2025-06-30",
        "pretaxIncome": 703,
        "provisionforIncomeTaxes": 109,
        "revenue": 4155,
        "sgaExpense": 594,
        "totalOperatingExpense": 842,
        "totalOtherIncomeExpenseNet": -21
      },
      {
        "costOfGoodsSold": 2249,
        "depreciationAmortization": 245,
        "dilutedAverageSharesOutstanding": 217.9,
        "dilutedEPS": 4.43,
        "ebit": 1571,
        "grossIncome": 2480,
        "interestExpense": 206,
        "interestIncomeExpense": -188,
        "minorityInterest": -17,
        "netIncome": 965,
        "netIncomeAfterTaxes": 982,
        "nonRecurringItems": -110,
        "period": "2025-03-31",
        "pretaxIncome": 1250,
        "provisionforIncomeTaxes": 268,
        "revenue": 4729,
        "sgaExpense": 664,
        "totalOperatingExpense": 909,
        "totalOtherIncomeExpenseNet": -23
      },
      {
        "costOfGoodsSold": 2120,
        "depreciationAmortization": 232,
        "dilutedAverageSharesOutstanding": 218.2,
        "dilutedEPS": 3.28,
        "ebit": 1160,
        "grossIncome": 2027,
        "interestExpense": 206,
        "interestIncomeExpense": -191,
        "minorityInterest": -18,
        "netIncome": 716,
        "netIncomeAfterTaxes": 734,
        "nonRecurringItems": -65,
        "period": "2024-12-31",
        "pretaxIncome": 891,
        "provisionforIncomeTaxes": 157,
        "revenue": 4147,
        "sgaExpense": 635,
        "totalOperatingExpense": 867,
        "totalOtherIncomeExpenseNet": -13
      },
      {
        "costOfGoodsSold": 2150,
        "depreciationAmortization": 221,
        "dilutedAverageSharesOutstanding": 218.4,
        "dilutedEPS": 1.57,
        "ebit": 692,
        "grossIncome": 1571,
        "interestExpense": 213,
        "interestIncomeExpense": -235,
        "minorityInterest": -12,
        "netIncome": 343,
        "netIncomeAfterTaxes": 355,
        "nonRecurringItems": 6,
        "period": "2024-09-30",
        "pretaxIncome": 449,
        "provisionforIncomeTaxes": 94,
        "revenue": 3721,
        "sgaExpense": 658,
        "totalOperatingExpense": 879,
        "totalOtherIncomeExpenseNet": -14
      },
      {
        "costOfGoodsSold": 2130,
        "depreciationAmortization": 173,
        "dilutedAverageSharesOutstanding": 213.3,
        "dilutedEPS": 2.46,
        "ebit": 788,
        "grossIncome": 1630,
        "interestExpense": 225,
        "interestIncomeExpense": -198,
        "minorityInterest": -14,
        "netIncome": 524,
        "netIncomeAfterTaxes": 538,
        "nonRecurringItems": 119,
        "period": "2024-06-30",
        "pretaxIncome": 698,
        "provisionforIncomeTaxes": 160,
        "revenue": 3760,
        "sgaExpense": 669,
        "totalOperatingExpense": 842,
        "totalOtherIncomeExpenseNet": -11
      },
      {
        "costOfGoodsSold": 1883,
        "depreciationAmortization": 60,
        "dilutedAverageSharesOutstanding": 200.1,
        "dilutedEPS": 5.35,
        "ebit": 1584,
        "grossIncome": 2187,
        "interestExpense": 144,
        "interestIncomeExpense": -31,
        "minorityInterest": -22,
        "netIncome": 1071,
        "netIncomeAfterTaxes": 1093,
        "nonRecurringItems": -119,
        "period": "2024-03-31",
        "pretaxIncome": 1424,
        "provisionforIncomeTaxes": 331,
        "revenue": 4070,
        "sgaExpense": 543,
        "totalOperatingExpense": 603,
        "totalOtherIncomeExpenseNet": -10
      },
      {
        "costOfGoodsSold": 1671,
        "depreciationAmortization": 67,
        "dilutedAverageSharesOutstanding": 202,
        "dilutedEPS": 2.47,
        "ebit": 1105,
        "grossIncome": 1704,
        "interestExpense": 124,
        "interestIncomeExpense": -154,
        "minorityInterest": -9,
        "netIncome": 498,
        "netIncomeAfterTaxes": 507,
        "nonRecurringItems": -322,
        "period": "2023-12-31",
        "pretaxIncome": 609,
        "provisionforIncomeTaxes": 102,
        "revenue": 3375,
        "sgaExpense": 532,
        "totalOperatingExpense": 599,
        "totalOtherIncomeExpenseNet": -20
      },
      {
        "costOfGoodsSold": 1685,
        "depreciationAmortization": 62,
        "dilutedAverageSharesOutstanding": 204.6,
        "dilutedEPS": 2.23,
        "ebit": 697,
        "grossIncome": 1268,
        "interestExpense": 119,
        "interestIncomeExpense": -113,
        "minorityInterest": -11,
        "netIncome": 456,
        "netIncomeAfterTaxes": 467,
        "nonRecurringItems": -6,
        "period": "2023-09-30",
        "pretaxIncome": 560,
        "provisionforIncomeTaxes": 93,
        "revenue": 2953,
        "sgaExpense": 509,
        "totalOperatingExpense": 571,
        "totalOtherIncomeExpenseNet": -18
      },
      {
        "costOfGoodsSold": 1754,
        "depreciationAmortization": 64,
        "dilutedAverageSharesOutstanding": 206.3,
        "dilutedEPS": 2.71,
        "ebit": 842,
        "grossIncome": 1423,
        "interestExpense": 130,
        "interestIncomeExpense": -141,
        "minorityInterest": -15,
        "netIncome": 560,
        "netIncomeAfterTaxes": 575,
        "period": "2023-06-30",
        "pretaxIncome": 658,
        "provisionforIncomeTaxes": 83,
        "revenue": 3177,
        "sgaExpense": 517,
        "totalOperatingExpense": 581,
        "totalOtherIncomeExpenseNet": -43
      },
      {
        "costOfGoodsSold": 1792,
        "depreciationAmortization": 63,
        "dilutedAverageSharesOutstanding": 207.1,
        "dilutedEPS": 5.07,
        "ebit": 1473,
        "grossIncome": 2079,
        "interestExpense": 111,
        "interestIncomeExpense": -114,
        "minorityInterest": -29,
        "netIncome": 1050,
        "netIncomeAfterTaxes": 1079,
        "period": "2023-03-31",
        "pretaxIncome": 1342,
        "provisionforIncomeTaxes": 263,
        "revenue": 3871,
        "sgaExpense": 543,
        "totalOperatingExpense": 606,
        "totalOtherIncomeExpenseNet": -17
      },
      {
        "costOfGoodsSold": 1539,
        "depreciationAmortization": 62,
        "dilutedAverageSharesOutstanding": 209,
        "dilutedEPS": 3.14,
        "ebit": 1012,
        "grossIncome": 1591,
        "interestExpense": 110,
        "interestIncomeExpense": -134,
        "minorityInterest": -9,
        "netIncome": 657,
        "netIncomeAfterTaxes": 666,
        "nonRecurringItems": 1,
        "period": "2022-12-31",
        "pretaxIncome": 709,
        "provisionforIncomeTaxes": 43,
        "revenue": 3130,
        "sgaExpense": 517,
        "totalOperatingExpense": 579,
        "totalOtherIncomeExpenseNet": -170
      },
      {
        "costOfGoodsSold": 1532,
        "depreciationAmortization": 71,
        "dilutedAverageSharesOutstanding": 212.6,
        "dilutedEPS": 1.92,
        "ebit": 590,
        "grossIncome": 1164,
        "interestExpense": 103,
        "interestIncomeExpense": -83,
        "minorityInterest": -10,
        "netIncome": 408,
        "netIncomeAfterTaxes": 418,
        "nonRecurringItems": 6,
        "period": "2022-09-30",
        "pretaxIncome": 510,
        "provisionforIncomeTaxes": 92,
        "revenue": 2696,
        "sgaExpense": 503,
        "totalOperatingExpense": 574,
        "totalOtherIncomeExpenseNet": -3
      },
      {
        "costOfGoodsSold": 1639,
        "depreciationAmortization": 65,
        "dilutedAverageSharesOutstanding": 214.7,
        "dilutedEPS": 2.33,
        "ebit": 700,
        "grossIncome": 1344,
        "interestExpense": 102,
        "interestIncomeExpense": -86,
        "minorityInterest": -13,
        "netIncome": 501,
        "netIncomeAfterTaxes": 514,
        "nonRecurringItems": 22,
        "period": "2022-06-30",
        "pretaxIncome": 633,
        "provisionforIncomeTaxes": 119,
        "revenue": 2983,
        "sgaExpense": 579,
        "totalOperatingExpense": 644,
        "totalOtherIncomeExpenseNet": -3
      },
      {
        "costOfGoodsSold": 1767,
        "depreciationAmortization": 66,
        "dilutedAverageSharesOutstanding": 216.4,
        "dilutedEPS": 4.73,
        "ebit": 1367,
        "grossIncome": 1903,
        "interestExpense": 91,
        "interestIncomeExpense": -85,
        "minorityInterest": -25,
        "netIncome": 1023,
        "netIncomeAfterTaxes": 1048,
        "nonRecurringItems": 25,
        "period": "2022-03-31",
        "pretaxIncome": 1304,
        "provisionforIncomeTaxes": 256,
        "revenue": 3670,
        "sgaExpense": 470,
        "totalOperatingExpense": 536,
        "totalOtherIncomeExpenseNet": -3
      },
      {
        "costOfGoodsSold": 1556,
        "depreciationAmortization": 76,
        "dilutedAverageSharesOutstanding": 221.3,
        "dilutedEPS": 3.9,
        "ebit": 974,
        "grossIncome": 1524,
        "interestExpense": 85,
        "interestIncomeExpense": -80,
        "minorityInterest": -10,
        "netIncome": 863,
        "netIncomeAfterTaxes": 873,
        "nonRecurringItems": 140,
        "period": "2021-12-31",
        "pretaxIncome": 1036,
        "provisionforIncomeTaxes": 163,
        "revenue": 3080,
        "sgaExpense": 474,
        "totalOperatingExpense": 550,
        "totalOtherIncomeExpenseNet": 2
      },
      {
        "costOfGoodsSold": 1835,
        "depreciationAmortization": 92,
        "dilutedAverageSharesOutstanding": 225.4,
        "dilutedEPS": -3.99,
        "ebit": -801,
        "grossIncome": 867,
        "interestExpense": 80,
        "interestIncomeExpense": -73,
        "minorityInterest": -9,
        "netIncome": -900,
        "netIncomeAfterTaxes": -891,
        "nonRecurringItems": 1,
        "period": "2021-09-30",
        "pretaxIncome": -868,
        "provisionforIncomeTaxes": 23,
        "revenue": 2702,
        "sgaExpense": 1576,
        "totalOperatingExpense": 1668,
        "totalOtherIncomeExpenseNet": 5
      },
      {
        "costOfGoodsSold": 1628,
        "depreciationAmortization": 77,
        "dilutedAverageSharesOutstanding": 228,
        "dilutedEPS": 1.66,
        "ebit": 672,
        "grossIncome": 1258,
        "interestExpense": 78,
        "interestIncomeExpense": -85,
        "minorityInterest": -14,
        "netIncome": 379,
        "netIncomeAfterTaxes": 393,
        "nonRecurringItems": 1,
        "period": "2021-06-30",
        "pretaxIncome": 596,
        "provisionforIncomeTaxes": 203,
        "revenue": 2886,
        "sgaExpense": 509,
        "totalOperatingExpense": 586,
        "totalOtherIncomeExpenseNet": 8
      },
      {
        "costOfGoodsSold": 1719,
        "depreciationAmortization": 81,
        "dilutedAverageSharesOutstanding": 228.1,
        "dilutedEPS": 4,
        "ebit": 1245,
        "grossIncome": 1806,
        "interestExpense": 79,
        "interestIncomeExpense": -84,
        "minorityInterest": -20,
        "netIncome": 913,
        "netIncomeAfterTaxes": 933,
        "period": "2021-03-31",
        "pretaxIncome": 1167,
        "provisionforIncomeTaxes": 234,
        "revenue": 3525,
        "sgaExpense": 480,
        "totalOperatingExpense": 561,
        "totalOtherIncomeExpenseNet": 6
      },
      {
        "costOfGoodsSold": 1635,
        "depreciationAmortization": 84,
        "dilutedAverageSharesOutstanding": 230.7,
        "dilutedEPS": 2.27,
        "ebit": 713,
        "grossIncome": 1330,
        "interestExpense": 82,
        "interestIncomeExpense": -90,
        "minorityInterest": -10,
        "netIncome": 524,
        "netIncomeAfterTaxes": 534,
        "nonRecurringItems": 0,
        "period": "2020-12-31",
        "pretaxIncome": 626,
        "provisionforIncomeTaxes": 92,
        "revenue": 2965,
        "sgaExpense": 533,
        "totalOperatingExpense": 617,
        "totalOtherIncomeExpenseNet": 3
      },
      {
        "costOfGoodsSold": 1387,
        "depreciationAmortization": 92,
        "dilutedAverageSharesOutstanding": 233.5,
        "dilutedEPS": 1.17,
        "ebit": 441,
        "grossIncome": 998,
        "interestExpense": 80,
        "interestIncomeExpense": -82,
        "minorityInterest": -7,
        "netIncome": 275,
        "netIncomeAfterTaxes": 281,
        "nonRecurringItems": 0,
        "period": "2020-09-30",
        "pretaxIncome": 363,
        "provisionforIncomeTaxes": 82,
        "revenue": 2385,
        "sgaExpense": 465,
        "totalOperatingExpense": 557,
        "totalOtherIncomeExpenseNet": 4
      },
      {
        "costOfGoodsSold": 1361,
        "depreciationAmortization": 99,
        "dilutedAverageSharesOutstanding": 233.6,
        "dilutedEPS": 1.7,
        "ebit": 594,
        "grossIncome": 1136,
        "interestExpense": 89,
        "interestIncomeExpense": -94,
        "minorityInterest": -13,
        "netIncome": 398,
        "netIncomeAfterTaxes": 410,
        "nonRecurringItems": -7,
        "period": "2020-06-30",
        "pretaxIncome": 495,
        "provisionforIncomeTaxes": 85,
        "revenue": 2497,
        "sgaExpense": 443,
        "totalOperatingExpense": 542,
        "totalOtherIncomeExpenseNet": 2
      },
      {
        "costOfGoodsSold": 1522,
        "depreciationAmortization": 138,
        "dilutedAverageSharesOutstanding": 234.5,
        "dilutedEPS": 3.3,
        "ebit": 1033,
        "grossIncome": 1697,
        "interestExpense": 83,
        "interestIncomeExpense": -82,
        "minorityInterest": -19,
        "netIncome": 772,
        "netIncomeAfterTaxes": 792,
        "nonRecurringItems": 25,
        "period": "2020-03-31",
        "pretaxIncome": 981,
        "provisionforIncomeTaxes": 189,
        "revenue": 3219,
        "sgaExpense": 526,
        "totalOperatingExpense": 664,
        "totalOtherIncomeExpenseNet": 5
      },
      {
        "costOfGoodsSold": 1507,
        "depreciationAmortization": 138,
        "dilutedAverageSharesOutstanding": 236.7,
        "dilutedEPS": 1.58,
        "ebit": 694,
        "grossIncome": 1378,
        "interestExpense": 80,
        "interestIncomeExpense": -85,
        "minorityInterest": -8,
        "netIncome": 374,
        "netIncomeAfterTaxes": 382,
        "nonRecurringItems": -165,
        "period": "2019-12-31",
        "pretaxIncome": 441,
        "provisionforIncomeTaxes": 59,
        "revenue": 2885,
        "sgaExpense": 546,
        "totalOperatingExpense": 684,
        "totalOtherIncomeExpenseNet": -3
      },
      {
        "costOfGoodsSold": 1359,
        "depreciationAmortization": 140,
        "dilutedAverageSharesOutstanding": 239.1,
        "dilutedEPS": 0.93,
        "ebit": 423,
        "grossIncome": 1020,
        "interestExpense": 78,
        "interestIncomeExpense": -79,
        "minorityInterest": -6,
        "netIncome": 222,
        "netIncomeAfterTaxes": 229,
        "nonRecurringItems": -62,
        "period": "2019-09-30",
        "pretaxIncome": 285,
        "provisionforIncomeTaxes": 56,
        "revenue": 2379,
        "sgaExpense": 457,
        "totalOperatingExpense": 597,
        "totalOtherIncomeExpenseNet": 3
      },
      {
        "costOfGoodsSold": 1423,
        "depreciationAmortization": 135,
        "dilutedAverageSharesOutstanding": 242.8,
        "dilutedEPS": 1.14,
        "ebit": 540,
        "grossIncome": 1183,
        "interestExpense": 77,
        "interestIncomeExpense": -77,
        "minorityInterest": -10,
        "netIncome": 277,
        "netIncomeAfterTaxes": 287,
        "nonRecurringItems": -125,
        "period": "2019-06-30",
        "pretaxIncome": 343,
        "provisionforIncomeTaxes": 56,
        "revenue": 2606,
        "sgaExpense": 508,
        "totalOperatingExpense": 643,
        "totalOtherIncomeExpenseNet": 5
      },
      {
        "costOfGoodsSold": 1560,
        "depreciationAmortization": 137,
        "dilutedAverageSharesOutstanding": 243.7,
        "dilutedEPS": 2.7,
        "ebit": 963,
        "grossIncome": 1583,
        "interestExpense": 72,
        "interestIncomeExpense": -79,
        "minorityInterest": -17,
        "netIncome": 659,
        "netIncomeAfterTaxes": 676,
        "nonRecurringItems": -86,
        "period": "2019-03-31",
        "pretaxIncome": 802,
        "provisionforIncomeTaxes": 126,
        "revenue": 3143,
        "sgaExpense": 483,
        "totalOperatingExpense": 620,
        "totalOtherIncomeExpenseNet": 4
      },
      {
        "costOfGoodsSold": 1570,
        "depreciationAmortization": 149,
        "dilutedAverageSharesOutstanding": 244.9,
        "dilutedEPS": 1.4,
        "ebit": 618,
        "grossIncome": 1200,
        "interestExpense": 70,
        "interestIncomeExpense": -82,
        "minorityInterest": -8,
        "netIncome": 345,
        "netIncomeAfterTaxes": 372,
        "nonRecurringItems": -121,
        "period": "2018-12-31",
        "pretaxIncome": 421,
        "provisionforIncomeTaxes": 49,
        "revenue": 2770,
        "sgaExpense": 433,
        "totalOperatingExpense": 582,
        "totalOtherIncomeExpenseNet": 6
      },
      {
        "costOfGoodsSold": 1374,
        "depreciationAmortization": 138,
        "dilutedAverageSharesOutstanding": 245.6,
        "dilutedEPS": 0.61,
        "ebit": 359,
        "grossIncome": 975,
        "interestExpense": 69,
        "interestIncomeExpense": -65,
        "minorityInterest": -6,
        "netIncome": 147,
        "netIncomeAfterTaxes": 155,
        "nonRecurringItems": -100,
        "period": "2018-09-30",
        "pretaxIncome": 194,
        "provisionforIncomeTaxes": 39,
        "revenue": 2349,
        "sgaExpense": 478,
        "totalOperatingExpense": 616,
        "totalOtherIncomeExpenseNet": 0
      },
      {
        "costOfGoodsSold": 1461,
        "depreciationAmortization": 145,
        "dilutedAverageSharesOutstanding": 247.4,
        "dilutedEPS": 0.19,
        "ebit": 355,
        "grossIncome": 1100,
        "interestExpense": 69,
        "interestIncomeExpense": -65,
        "minorityInterest": -10,
        "netIncome": 48,
        "netIncomeAfterTaxes": 57,
        "nonRecurringItems": -371,
        "period": "2018-06-30",
        "pretaxIncome": -87,
        "provisionforIncomeTaxes": -144,
        "revenue": 2561,
        "sgaExpense": 600,
        "totalOperatingExpense": 745,
        "totalOtherIncomeExpenseNet": -6
      },
      {
        "costOfGoodsSold": 1583,
        "depreciationAmortization": 148,
        "dilutedAverageSharesOutstanding": 250.2,
        "dilutedEPS": 2.37,
        "ebit": 873,
        "grossIncome": 1507,
        "interestExpense": 70,
        "interestIncomeExpense": -81,
        "minorityInterest": -16,
        "netIncome": 594,
        "netIncomeAfterTaxes": 604,
        "nonRecurringItems": -75,
        "period": "2018-03-31",
        "pretaxIncome": 718,
        "provisionforIncomeTaxes": 114,
        "revenue": 3090,
        "sgaExpense": 486,
        "totalOperatingExpense": 634,
        "totalOtherIncomeExpenseNet": 1
      },
      {
        "depreciationAmortization": 139,
        "dilutedAverageSharesOutstanding": 251.3,
        "dilutedEPS": -0.07,
        "ebit": 601,
        "interestExpense": 71,
        "interestIncomeExpense": -72,
        "minorityInterest": -7,
        "netIncome": -19,
        "netIncomeAfterTaxes": 362,
        "nonRecurringItems": -14,
        "period": "2017-12-31",
        "pretaxIncome": 406,
        "provisionforIncomeTaxes": 44,
        "revenue": 2909,
        "sgaExpense": 2169,
        "totalOperatingExpense": 2308,
        "totalOtherIncomeExpenseNet": -109
      },
      {
        "depreciationAmortization": 141,
        "dilutedAverageSharesOutstanding": 257.3,
        "dilutedEPS": 0.73,
        "ebit": 256,
        "interestExpense": 70,
        "interestIncomeExpense": -62,
        "minorityInterest": -7,
        "netIncome": 185,
        "netIncomeAfterTaxes": 196,
        "nonRecurringItems": 0,
        "period": "2017-09-30",
        "pretaxIncome": 200,
        "provisionforIncomeTaxes": 4,
        "revenue": 2340,
        "sgaExpense": 1943,
        "totalOperatingExpense": 2084,
        "totalOtherIncomeExpenseNet": 6
      },
      {
        "depreciationAmortization": 134,
        "dilutedAverageSharesOutstanding": 262.4,
        "dilutedEPS": 2.93,
        "ebit": 253,
        "interestExpense": 71,
        "interestIncomeExpense": -68,
        "minorityInterest": -9,
        "netIncome": 769,
        "netIncomeAfterTaxes": -43,
        "nonRecurringItems": -380,
        "period": "2017-06-30",
        "pretaxIncome": -186,
        "provisionforIncomeTaxes": -143,
        "revenue": 2368,
        "sgaExpense": 1981,
        "totalOperatingExpense": 2115,
        "totalOtherIncomeExpenseNet": 9
      },
      {
        "depreciationAmortization": 97,
        "dilutedAverageSharesOutstanding": 267,
        "dilutedEPS": 1.08,
        "ebit": 335,
        "interestExpense": 70,
        "interestIncomeExpense": -76,
        "minorityInterest": -14,
        "netIncome": 291,
        "netIncomeAfterTaxes": 265,
        "nonRecurringItems": -2,
        "period": "2017-03-31",
        "pretaxIncome": 265,
        "provisionforIncomeTaxes": 0,
        "revenue": 2381,
        "sgaExpense": 1949,
        "totalOperatingExpense": 2046,
        "totalOtherIncomeExpenseNet": 8
      },
      {
        "depreciationAmortization": 84,
        "dilutedAverageSharesOutstanding": 268.2,
        "dilutedEPS": 1.68,
        "ebit": 636,
        "interestExpense": 70,
        "interestIncomeExpense": -56,
        "minorityInterest": -7,
        "netIncome": 452,
        "netIncomeAfterTaxes": 384,
        "nonRecurringItems": -2,
        "period": "2016-12-31",
        "pretaxIncome": 405,
        "provisionforIncomeTaxes": 21,
        "revenue": 2650,
        "sgaExpense": 1930,
        "totalOperatingExpense": 2014,
        "totalOtherIncomeExpenseNet": -173
      },
      {
        "depreciationAmortization": 81,
        "dilutedAverageSharesOutstanding": 269.6,
        "dilutedEPS": 1.18,
        "ebit": 368,
        "interestExpense": 70,
        "interestIncomeExpense": -59,
        "minorityInterest": -7,
        "netIncome": 319,
        "netIncomeAfterTaxes": 284,
        "nonRecurringItems": 0,
        "period": "2016-09-30",
        "pretaxIncome": 309,
        "provisionforIncomeTaxes": 25,
        "revenue": 2201,
        "sgaExpense": 1752,
        "totalOperatingExpense": 1833,
        "totalOtherIncomeExpenseNet": 0
      },
      {
        "depreciationAmortization": 79,
        "dilutedAverageSharesOutstanding": 269.87,
        "dilutedEPS": 1.11,
        "ebit": 387,
        "interestExpense": 73,
        "interestIncomeExpense": -77,
        "minorityInterest": -8,
        "netIncome": 300,
        "netIncomeAfterTaxes": 273,
        "nonRecurringItems": 6,
        "period": "2016-06-30",
        "pretaxIncome": 316,
        "provisionforIncomeTaxes": 43,
        "revenue": 2282,
        "sgaExpense": 1816,
        "totalOperatingExpense": 1895
      },
      {
        "depreciationAmortization": 75,
        "dilutedAverageSharesOutstanding": 273.7,
        "dilutedEPS": 1.18,
        "ebit": 420,
        "interestExpense": 69,
        "interestIncomeExpense": -84,
        "minorityInterest": -12,
        "netIncome": 325,
        "netIncomeAfterTaxes": 312,
        "nonRecurringItems": 35,
        "period": "2016-03-31",
        "pretaxIncome": 371,
        "provisionforIncomeTaxes": 59,
        "revenue": 2276,
        "sgaExpense": 1781,
        "totalOperatingExpense": 1856
      },
      {
        "dilutedAverageSharesOutstanding": 277.5,
        "dilutedEPS": 2.1,
        "ebit": 717,
        "interestExpense": 68,
        "interestIncomeExpense": -64,
        "minorityInterest": -6,
        "netIncome": 584,
        "netIncomeAfterTaxes": 590,
        "nonRecurringItems": 62,
        "period": "2015-12-31",
        "pretaxIncome": 702,
        "provisionforIncomeTaxes": 112,
        "revenue": 3288,
        "sgaExpense": 2571,
        "totalOperatingExpense": 2571,
        "totalOtherIncomeExpenseNet": -13
      },
      {
        "dilutedAverageSharesOutstanding": 283.8,
        "dilutedEPS": 1.04,
        "ebit": 413,
        "interestExpense": 72,
        "interestIncomeExpense": -49,
        "minorityInterest": -8,
        "netIncome": 295,
        "netIncomeAfterTaxes": 303,
        "nonRecurringItems": 0,
        "period": "2015-09-30",
        "pretaxIncome": 352,
        "provisionforIncomeTaxes": 49,
        "revenue": 2742,
        "sgaExpense": 2329,
        "totalOperatingExpense": 2329,
        "totalOtherIncomeExpenseNet": -12
      }
    ],
    "symbol": "AON"
  }
}