{
  "symbol": "MCD",
  "statement": "ic",
  "frequency": "annual",
  "timestamp": "2025-09-19T14:03:46.037834",
  "data": {
    "financials": [
      {
        "costOfGoodsSold": 11210,
        "depreciationAmortization": 447,
        "dilutedAverageSharesOutstanding": 721.9,
        "dilutedEPS": 11.3908,
        "ebit": 11852,
        "grossIncome": 14710,
        "interestExpense": 1506,
        "interestIncomeExpense": -1252,
        "netIncome": 8223,
        "netIncomeAfterTaxes": 8224,
        "nonRecurringItems": -297,
        "otherOperatingExpensesTotal": -1,
        "period": "2024-12-31",
        "pretaxIncome": 10345,
        "provisionforIncomeTaxes": 2121,
        "revenue": 25920,
        "sgaExpense": 2412,
        "totalOperatingExpense": 2858,
        "totalOtherIncomeExpenseNet": 42,
        "year": 2024
      },
      {
        "costOfGoodsSold": 10931.2,
        "depreciationAmortization": 381.7,
        "dilutedAverageSharesOutstanding": 732.3,
        "dilutedEPS": 11.5647,
        "ebit": 11745.3,
        "grossIncome": 14562.5,
        "interestExpense": 1360.8,
        "interestIncomeExpense": -1002.4,
        "netIncome": 8468.8,
        "netIncomeAfterTaxes": 8468.8,
        "nonRecurringItems": -252,
        "otherOperatingExpensesTotal": 0.3,
        "period": "2023-12-31",
        "pretaxIncome": 10522.2,
        "provisionforIncomeTaxes": 2053.4,
        "revenue": 25493.7,
        "sgaExpense": 2435.2,
        "totalOperatingExpense": 2817.2,
        "totalOtherIncomeExpenseNet": 31.3,
        "year": 2023
      },
      {
        "costOfGoodsSold": 9975,
        "depreciationAmortization": 370,
        "dilutedAverageSharesOutstanding": 741,
        "dilutedEPS": 8.33,
        "ebit": 10345,
        "grossIncome": 13207,
        "interestExpense": 1207,
        "interestIncomeExpense": -916,
        "netIncome": 6177,
        "netIncomeAfterTaxes": 6177,
        "nonRecurringItems": -1624,
        "otherOperatingExpensesTotal": 0,
        "period": "2022-12-31",
        "pretaxIncome": 7825,
        "provisionforIncomeTaxes": 1648,
        "revenue": 23183,
        "sgaExpense": 2492,
        "totalOperatingExpense": 2863,
        "totalOtherIncomeExpenseNet": 20,
        "year": 2022
      },
      {
        "costOfGoodsSold": 10643,
        "depreciationAmortization": 330,
        "dilutedAverageSharesOutstanding": 752,
        "dilutedEPS": 10.04,
        "ebit": 9873,
        "grossIncome": 12580,
        "interestExpense": 1185.8,
        "interestIncomeExpense": -1037,
        "netIncome": 7545,
        "netIncomeAfterTaxes": 7545,
        "nonRecurringItems": 306,
        "otherOperatingExpensesTotal": 0,
        "period": "2021-12-31",
        "pretaxIncome": 9128,
        "provisionforIncomeTaxes": 1583,
        "revenue": 23223,
        "sgaExpense": 2378,
        "totalOperatingExpense": 2707,
        "totalOtherIncomeExpenseNet": -14,
        "year": 2021
      },
      {
        "costOfGoodsSold": 9456,
        "depreciationAmortization": 301,
        "dilutedAverageSharesOutstanding": 750,
        "dilutedEPS": 6.31,
        "ebit": 7207,
        "grossIncome": 9752,
        "interestExpense": 1218.1,
        "interestIncomeExpense": -1080,
        "netIncome": 4731,
        "netIncomeAfterTaxes": 4731,
        "nonRecurringItems": 0,
        "period": "2020-12-31",
        "pretaxIncome": 6141,
        "provisionforIncomeTaxes": 1410,
        "revenue": 19208,
        "sgaExpense": 2245,
        "totalOperatingExpense": 2545,
        "totalOtherIncomeExpenseNet": 14,
        "year": 2020
      },
      {
        "costOfGoodsSold": 10185,
        "depreciationAmortization": 263,
        "dilutedAverageSharesOutstanding": 765,
        "dilutedEPS": 7.87,
        "ebit": 8950,
        "grossIncome": 11179,
        "interestExpense": 1121.9,
        "interestIncomeExpense": -883,
        "netIncome": 6025,
        "netIncomeAfterTaxes": 6109,
        "nonRecurringItems": -34,
        "period": "2019-12-31",
        "pretaxIncome": 8018,
        "provisionforIncomeTaxes": 1909,
        "revenue": 21364,
        "sgaExpense": 1967,
        "totalOperatingExpense": 2230,
        "totalOtherIncomeExpenseNet": -15,
        "year": 2019
      },
      {
        "costOfGoodsSold": 10425,
        "depreciationAmortization": 215,
        "dilutedAverageSharesOutstanding": 786,
        "dilutedEPS": 7.53,
        "ebit": 8632,
        "grossIncome": 10833,
        "interestExpense": 981.2,
        "interestIncomeExpense": -830,
        "netIncome": 5924,
        "netIncomeAfterTaxes": 5999,
        "nonRecurringItems": 39,
        "period": "2018-12-31",
        "pretaxIncome": 7816,
        "provisionforIncomeTaxes": 1817,
        "revenue": 21258,
        "sgaExpense": 1985,
        "totalOperatingExpense": 2201,
        "totalOtherIncomeExpenseNet": -24,
        "year": 2018
      },
      {
        "costOfGoodsSold": 12200,
        "dilutedAverageSharesOutstanding": 816,
        "dilutedEPS": 6.36,
        "ebit": 8297,
        "grossIncome": 10621,
        "interestExpense": 921.3,
        "interestIncomeExpense": -664,
        "netIncome": 5192,
        "netIncomeAfterTaxes": 5892,
        "nonRecurringItems": 980,
        "period": "2017-12-31",
        "pretaxIncome": 8574,
        "provisionforIncomeTaxes": 2681,
        "revenue": 22820,
        "sgaExpense": 2324,
        "totalOperatingExpense": 2324,
        "totalOtherIncomeExpenseNet": -39,
        "year": 2017
      },
      {
        "costOfGoodsSold": 14417,
        "dilutedAverageSharesOutstanding": 861,
        "dilutedEPS": 5.44,
        "ebit": 7795,
        "grossIncome": 10205,
        "interestExpense": 884.8,
        "interestIncomeExpense": -776,
        "netIncome": 4687,
        "netIncomeAfterTaxes": 4687,
        "nonRecurringItems": -131,
        "period": "2016-12-31",
        "pretaxIncome": 6866,
        "provisionforIncomeTaxes": 2180,
        "revenue": 24622,
        "sgaExpense": 2411,
        "totalOperatingExpense": 2410,
        "totalOtherIncomeExpenseNet": -22,
        "year": 2016
      },
      {
        "costOfGoodsSold": 15624,
        "dilutedAverageSharesOutstanding": 945,
        "dilutedEPS": 4.79,
        "ebit": 7317,
        "grossIncome": 9789,
        "interestExpense": 638.3,
        "interestIncomeExpense": -681,
        "netIncome": 4529,
        "netIncomeAfterTaxes": 4529,
        "nonRecurringItems": -63,
        "period": "2015-12-31",
        "pretaxIncome": 6556,
        "provisionforIncomeTaxes": 2026,
        "revenue": 25413,
        "sgaExpense": 2473,
        "totalOperatingExpense": 2473,
        "totalOtherIncomeExpenseNet": -17,
        "year": 2015
      }
    ],
    "symbol": "MCD"
  }
}