{
  "symbol": "COR",
  "statement": "ic",
  "frequency": "annual",
  "timestamp": "2025-09-19T13:57:36.811128",
  "data": {
    "financials": [
      {
        "costOfGoodsSold": 284165.387,
        "depreciationAmortization": 1091.974,
        "dilutedAverageSharesOutstanding": 200.284,
        "dilutedEPS": 7.5349,
        "ebit": 3040.132,
        "grossIncome": 9793.212,
        "interestExpense": 248.682,
        "interestIncomeExpense": -158.191,
        "minorityInterest": -10.153,
        "netIncome": 1509.12,
        "netIncomeAfterTaxes": 1519.273,
        "nonRecurringItems": -864.883,
        "period": "2024-09-30",
        "pretaxIncome": 2003.975,
        "provisionforIncomeTaxes": 484.702,
        "revenue": 293958.599,
        "sgaExpense": 5661.106,
        "totalOperatingExpense": 6753.08,
        "totalOtherIncomeExpenseNet": -13.083,
        "year": 2024
      },
      {
        "costOfGoodsSold": 253366,
        "depreciationAmortization": 964,
        "dilutedAverageSharesOutstanding": 205,
        "dilutedEPS": 8.53,
        "ebit": 2533,
        "grossIncome": 8807,
        "interestExpense": 275.65,
        "interestIncomeExpense": -238,
        "minorityInterest": 13,
        "netIncome": 1745,
        "netIncomeAfterTaxes": 1733,
        "nonRecurringItems": -152,
        "period": "2023-09-30",
        "pretaxIncome": 2161,
        "provisionforIncomeTaxes": 428,
        "revenue": 262173,
        "sgaExpense": 5310,
        "totalOperatingExpense": 6274,
        "totalOtherIncomeExpenseNet": 17,
        "year": 2023
      },
      {
        "costOfGoodsSold": 230252,
        "depreciationAmortization": 694,
        "dilutedAverageSharesOutstanding": 211,
        "dilutedEPS": 8.04,
        "ebit": 2792,
        "grossIncome": 8335,
        "interestExpense": 231.982,
        "interestIncomeExpense": -225,
        "minorityInterest": 32,
        "netIncome": 1699,
        "netIncomeAfterTaxes": 1667,
        "nonRecurringItems": -381,
        "period": "2022-09-30",
        "pretaxIncome": 2183,
        "provisionforIncomeTaxes": 517,
        "revenue": 238587,
        "sgaExpense": 4849,
        "totalOperatingExpense": 5543,
        "totalOtherIncomeExpenseNet": -3,
        "year": 2022
      },
      {
        "costOfGoodsSold": 207214,
        "depreciationAmortization": 505,
        "dilutedAverageSharesOutstanding": 208,
        "dilutedEPS": 7.39,
        "ebit": 2675,
        "grossIncome": 6774,
        "interestExpense": 182.544,
        "interestIncomeExpense": -174,
        "minorityInterest": -5,
        "netIncome": 1540,
        "netIncomeAfterTaxes": 1545,
        "nonRecurringItems": -321,
        "period": "2021-09-30",
        "pretaxIncome": 2222,
        "provisionforIncomeTaxes": 677,
        "revenue": 213989,
        "sgaExpense": 3594,
        "totalOperatingExpense": 4100,
        "totalOtherIncomeExpenseNet": 42,
        "year": 2021
      },
      {
        "costOfGoodsSold": 184711,
        "depreciationAmortization": 391,
        "dilutedAverageSharesOutstanding": 205,
        "dilutedEPS": -16.62,
        "ebit": 2024,
        "grossIncome": 5183,
        "interestExpense": 158.522,
        "interestIncomeExpense": -138,
        "minorityInterest": -9,
        "netIncome": -3409,
        "netIncomeAfterTaxes": -3400,
        "nonRecurringItems": -7182,
        "period": "2020-09-30",
        "pretaxIncome": -5294,
        "provisionforIncomeTaxes": -1894,
        "revenue": 189894,
        "sgaExpense": 2767,
        "totalOperatingExpense": 3158,
        "totalOtherIncomeExpenseNet": 2,
        "year": 2020
      },
      {
        "costOfGoodsSold": 174597,
        "depreciationAmortization": 462,
        "dilutedAverageSharesOutstanding": 212,
        "dilutedEPS": 4.03,
        "ebit": 1867,
        "grossIncome": 4992,
        "interestExpense": 195.474,
        "interestIncomeExpense": -144,
        "minorityInterest": 1,
        "netIncome": 855,
        "netIncomeAfterTaxes": 817,
        "nonRecurringItems": -755,
        "period": "2019-09-30",
        "pretaxIncome": 967,
        "provisionforIncomeTaxes": 150,
        "revenue": 179589,
        "sgaExpense": 2664,
        "totalOperatingExpense": 3125,
        "totalOtherIncomeExpenseNet": -1,
        "year": 2019
      },
      {
        "costOfGoodsSold": 163291,
        "depreciationAmortization": 465,
        "dilutedAverageSharesOutstanding": 220,
        "dilutedEPS": 7.53,
        "ebit": 1723,
        "grossIncome": 4648,
        "interestExpense": 189.64,
        "interestIncomeExpense": -217,
        "minorityInterest": 43,
        "netIncome": 1658,
        "netIncomeAfterTaxes": 1003,
        "nonRecurringItems": -303,
        "period": "2018-09-30",
        "pretaxIncome": 1177,
        "provisionforIncomeTaxes": 174,
        "revenue": 167940,
        "sgaExpense": 2460,
        "totalOperatingExpense": 2926,
        "totalOtherIncomeExpenseNet": -25,
        "year": 2018
      },
      {
        "costOfGoodsSold": 148599,
        "depreciationAmortization": 398,
        "dilutedAverageSharesOutstanding": 222,
        "dilutedEPS": 1.64,
        "ebit": 2018,
        "grossIncome": 4545,
        "interestExpense": 149.042,
        "interestIncomeExpense": -145,
        "netIncome": 364,
        "netIncomeAfterTaxes": 364,
        "nonRecurringItems": -958,
        "period": "2017-09-30",
        "pretaxIncome": 918,
        "provisionforIncomeTaxes": 553,
        "revenue": 153144,
        "sgaExpense": 2129,
        "totalOperatingExpense": 2526,
        "totalOtherIncomeExpenseNet": 3,
        "year": 2017
      },
      {
        "costOfGoodsSold": 142711,
        "depreciationAmortization": 365,
        "dilutedAverageSharesOutstanding": 226,
        "dilutedEPS": 6.32,
        "ebit": 1543,
        "grossIncome": 4139,
        "interestExpense": 144.349,
        "interestIncomeExpense": -140,
        "netIncome": 1428,
        "netIncomeAfterTaxes": 1428,
        "nonRecurringItems": -17,
        "period": "2016-09-30",
        "pretaxIncome": 1391,
        "provisionforIncomeTaxes": -37,
        "revenue": 146850,
        "sgaExpense": 2232,
        "totalOperatingExpense": 2596,
        "totalOtherIncomeExpenseNet": 5,
        "year": 2016
      },
      {
        "costOfGoodsSold": 132498,
        "depreciationAmortization": 249,
        "dilutedAverageSharesOutstanding": 218,
        "dilutedEPS": -0.63,
        "ebit": 395,
        "grossIncome": 3464,
        "interestExpense": 112.021,
        "interestIncomeExpense": -109,
        "netIncome": -138,
        "netIncomeAfterTaxes": -138,
        "nonRecurringItems": -3,
        "period": "2015-09-30",
        "pretaxIncome": 269,
        "provisionforIncomeTaxes": 407,
        "revenue": 135962,
        "sgaExpense": 2821,
        "totalOperatingExpense": 3069,
        "totalOtherIncomeExpenseNet": -14,
        "year": 2015
      }
    ],
    "symbol": "COR"
  }
}