{
  "symbol": "XOM",
  "statement": "ic",
  "frequency": "annual",
  "timestamp": "2025-09-19T14:00:16.754667",
  "data": {
    "financials": [
      {
        "costOfGoodsSold": 239063,
        "depreciationAmortization": 23442,
        "dilutedAverageSharesOutstanding": 4298,
        "dilutedEPS": 7.83,
        "ebit": 43675,
        "grossIncome": 100184,
        "interestExpense": 996,
        "interestIncomeExpense": 5198,
        "minorityInterest": -1383,
        "netIncome": 33680,
        "netIncomeAfterTaxes": 35035,
        "otherOperatingExpensesTotal": -4023,
        "period": "2024-12-31",
        "pretaxIncome": 48873,
        "provisionforIncomeTaxes": 13838,
        "researchDevelopment": 826,
        "revenue": 339247,
        "sgaExpense": 36264,
        "totalOperatingExpense": 56509,
        "year": 2024
      },
      {
        "costOfGoodsSold": 229914,
        "depreciationAmortization": 20641,
        "dilutedAverageSharesOutstanding": 4052,
        "dilutedEPS": 8.88,
        "ebit": 47247,
        "grossIncome": 104783,
        "interestExpense": 849,
        "interestIncomeExpense": 5536,
        "minorityInterest": -1344,
        "netIncome": 36010,
        "netIncomeAfterTaxes": 37330,
        "otherOperatingExpensesTotal": -2786,
        "period": "2023-12-31",
        "pretaxIncome": 52783,
        "provisionforIncomeTaxes": 15453,
        "researchDevelopment": 751,
        "revenue": 334697,
        "sgaExpense": 38930,
        "totalOperatingExpense": 57536,
        "year": 2023
      },
      {
        "costOfGoodsSold": 271568,
        "depreciationAmortization": 19440,
        "dilutedAverageSharesOutstanding": 4205,
        "dilutedEPS": 13.25,
        "ebit": 71688,
        "grossIncome": 127107,
        "interestExpense": 798,
        "interestIncomeExpense": 10665,
        "minorityInterest": -1837,
        "netIncome": 55740,
        "netIncomeAfterTaxes": 57547,
        "nonRecurringItems": -4600,
        "otherOperatingExpensesTotal": -3060,
        "period": "2022-12-31",
        "pretaxIncome": 77753,
        "provisionforIncomeTaxes": 20206,
        "researchDevelopment": 1025,
        "revenue": 398675,
        "sgaExpense": 38014,
        "totalOperatingExpense": 55419,
        "year": 2022
      },
      {
        "costOfGoodsSold": 191199,
        "depreciationAmortization": 20607,
        "dilutedAverageSharesOutstanding": 4275,
        "dilutedEPS": 5.38,
        "ebit": 25582,
        "grossIncome": 85493,
        "interestExpense": 947,
        "interestIncomeExpense": 5710,
        "minorityInterest": -558,
        "netIncome": 23040,
        "netIncomeAfterTaxes": 23545,
        "nonRecurringItems": -58,
        "otherOperatingExpensesTotal": -1505,
        "period": "2021-12-31",
        "pretaxIncome": 31234,
        "provisionforIncomeTaxes": 7689,
        "researchDevelopment": 1054,
        "revenue": 276692,
        "sgaExpense": 39755,
        "totalOperatingExpense": 59911,
        "year": 2021
      },
      {
        "costOfGoodsSold": 124438,
        "depreciationAmortization": 20098,
        "dilutedAverageSharesOutstanding": 4271,
        "dilutedEPS": -5.26,
        "ebit": -3096,
        "grossIncome": 54136,
        "interestExpense": 1158,
        "interestIncomeExpense": 574,
        "minorityInterest": 811,
        "netIncome": -22440,
        "netIncomeAfterTaxes": -23276,
        "nonRecurringItems": -26361,
        "otherOperatingExpensesTotal": 9,
        "period": "2020-12-31",
        "pretaxIncome": -28883,
        "provisionforIncomeTaxes": -5607,
        "researchDevelopment": 1285,
        "revenue": 178574,
        "sgaExpense": 35840,
        "totalOperatingExpense": 57232,
        "year": 2020
      },
      {
        "costOfGoodsSold": 180627,
        "depreciationAmortization": 18998,
        "dilutedAverageSharesOutstanding": 4270,
        "dilutedEPS": 3.35,
        "ebit": 15445,
        "grossIncome": 74956,
        "interestExpense": 830,
        "interestIncomeExpense": 4611,
        "minorityInterest": -434,
        "netIncome": 14340,
        "netIncomeAfterTaxes": 14034,
        "otherOperatingExpensesTotal": -2679,
        "period": "2019-12-31",
        "pretaxIncome": 20056,
        "provisionforIncomeTaxes": 6022,
        "researchDevelopment": 1269,
        "revenue": 255583,
        "sgaExpense": 41923,
        "totalOperatingExpense": 59511,
        "year": 2019
      },
      {
        "costOfGoodsSold": 192854,
        "depreciationAmortization": 18745,
        "dilutedAverageSharesOutstanding": 4270,
        "dilutedEPS": 4.88,
        "ebit": 20839,
        "grossIncome": 86478,
        "interestExpense": 766,
        "interestIncomeExpense": 6589,
        "minorityInterest": -581,
        "netIncome": 20840,
        "netIncomeAfterTaxes": 21130,
        "otherOperatingExpensesTotal": 1285,
        "period": "2018-12-31",
        "pretaxIncome": 30953,
        "provisionforIncomeTaxes": 9823,
        "researchDevelopment": 1466,
        "revenue": 279332,
        "sgaExpense": 44143,
        "totalOperatingExpense": 65639,
        "totalOtherIncomeExpenseNet": 3525,
        "year": 2018
      },
      {
        "costOfGoodsSold": 162345,
        "depreciationAmortization": 19893,
        "dilutedAverageSharesOutstanding": 4256,
        "dilutedEPS": 4.63,
        "ebit": 12074,
        "grossIncome": 74817,
        "interestExpense": 601,
        "interestIncomeExpense": 4779,
        "minorityInterest": -138,
        "netIncome": 19710,
        "netIncomeAfterTaxes": 13906,
        "period": "2017-12-31",
        "pretaxIncome": 18674,
        "provisionforIncomeTaxes": 4768,
        "researchDevelopment": 1790,
        "revenue": 237162,
        "sgaExpense": 41060,
        "totalOperatingExpense": 62743,
        "totalOtherIncomeExpenseNet": 1821,
        "year": 2017
      },
      {
        "costOfGoodsSold": 136098,
        "depreciationAmortization": 22308,
        "dilutedAverageSharesOutstanding": 4177,
        "dilutedEPS": 1.88,
        "ebit": 936,
        "grossIncome": 64530,
        "interestExpense": 453,
        "interestIncomeExpense": 4353,
        "minorityInterest": -535,
        "netIncome": 7840,
        "netIncomeAfterTaxes": 8375,
        "period": "2016-12-31",
        "pretaxIncome": 7969,
        "provisionforIncomeTaxes": -406,
        "researchDevelopment": 1467,
        "revenue": 200628,
        "sgaExpense": 39819,
        "totalOperatingExpense": 63594,
        "totalOtherIncomeExpenseNet": 2680,
        "year": 2016
      },
      {
        "costOfGoodsSold": 165590,
        "depreciationAmortization": 18048,
        "dilutedAverageSharesOutstanding": 4196,
        "dilutedEPS": 3.85,
        "ebit": 12883,
        "grossIncome": 74264,
        "interestExpense": 311,
        "interestIncomeExpense": 7333,
        "minorityInterest": -401,
        "netIncome": 16150,
        "netIncomeAfterTaxes": 16551,
        "period": "2015-12-31",
        "pretaxIncome": 21966,
        "provisionforIncomeTaxes": 5415,
        "researchDevelopment": 1523,
        "revenue": 239854,
        "sgaExpense": 41810,
        "totalOperatingExpense": 61381,
        "totalOtherIncomeExpenseNet": 1750,
        "year": 2015
      }
    ],
    "symbol": "XOM"
  }
}