{
  "symbol": "TMUS",
  "statement": "ic",
  "frequency": "annual",
  "timestamp": "2025-09-19T14:07:09.106701",
  "data": {
    "financials": [
      {
        "costOfGoodsSold": 29653,
        "depreciationAmortization": 12919,
        "dilutedAverageSharesOutstanding": 1173.214,
        "dilutedEPS": 9.66,
        "ebit": 18010,
        "grossIncome": 51747,
        "interestExpense": 3411,
        "interestIncomeExpense": -3411,
        "netIncome": 11339,
        "netIncomeAfterTaxes": 11339,
        "nonRecurringItems": 0,
        "period": "2024-12-31",
        "pretaxIncome": 14712,
        "provisionforIncomeTaxes": 3373,
        "revenue": 81400,
        "sgaExpense": 20818,
        "totalOperatingExpense": 33737,
        "totalOtherIncomeExpenseNet": 113,
        "year": 2024
      },
      {
        "costOfGoodsSold": 29548,
        "depreciationAmortization": 12818,
        "dilutedAverageSharesOutstanding": 1200.286,
        "dilutedEPS": 6.93,
        "ebit": 15275,
        "grossIncome": 49010,
        "interestExpense": 3335,
        "interestIncomeExpense": -3335,
        "netIncome": 8317,
        "netIncomeAfterTaxes": 8317,
        "nonRecurringItems": -1009,
        "otherOperatingExpensesTotal": 1800,
        "period": "2023-12-31",
        "pretaxIncome": 10999,
        "provisionforIncomeTaxes": 2682,
        "revenue": 78558,
        "sgaExpense": 19117,
        "totalOperatingExpense": 33735,
        "totalOtherIncomeExpenseNet": 68,
        "year": 2023
      },
      {
        "costOfGoodsSold": 32012,
        "depreciationAmortization": 13651,
        "dilutedAverageSharesOutstanding": 1255.377,
        "dilutedEPS": 2.06,
        "ebit": 13476,
        "grossIncome": 47559,
        "interestExpense": 3364,
        "interestIncomeExpense": -3364,
        "netIncome": 2590,
        "netIncomeAfterTaxes": 2590,
        "nonRecurringItems": -6933,
        "period": "2022-12-31",
        "pretaxIncome": 3146,
        "provisionforIncomeTaxes": 556,
        "revenue": 79571,
        "sgaExpense": 20432,
        "totalOperatingExpense": 34083,
        "totalOtherIncomeExpenseNet": -33,
        "year": 2022
      },
      {
        "costOfGoodsSold": 34572,
        "depreciationAmortization": 16383,
        "dilutedAverageSharesOutstanding": 1254.77,
        "dilutedEPS": 2.41,
        "ebit": 9999,
        "grossIncome": 45546,
        "interestExpense": 3362,
        "interestIncomeExpense": -3342,
        "netIncome": 3024,
        "netIncomeAfterTaxes": 3024,
        "nonRecurringItems": -3107,
        "period": "2021-12-31",
        "pretaxIncome": 3351,
        "provisionforIncomeTaxes": 327,
        "revenue": 80118,
        "sgaExpense": 19164,
        "totalOperatingExpense": 35547,
        "totalOtherIncomeExpenseNet": -199,
        "year": 2021
      },
      {
        "costOfGoodsSold": 27614,
        "depreciationAmortization": 14151,
        "dilutedAverageSharesOutstanding": 1154.749,
        "dilutedEPS": 2.65,
        "ebit": 8969,
        "grossIncome": 40783,
        "interestExpense": 2730,
        "interestIncomeExpense": -2701,
        "netIncome": 3064,
        "netIncomeAfterTaxes": 2744,
        "nonRecurringItems": -2333,
        "period": "2020-12-31",
        "pretaxIncome": 3530,
        "provisionforIncomeTaxes": 786,
        "revenue": 68397,
        "sgaExpense": 17663,
        "totalOperatingExpense": 31814,
        "totalOtherIncomeExpenseNet": -405,
        "year": 2020
      },
      {
        "costOfGoodsSold": 18521,
        "depreciationAmortization": 6616,
        "dilutedAverageSharesOutstanding": 863.434,
        "dilutedEPS": 4.02,
        "ebit": 6342,
        "grossIncome": 26477,
        "interestExpense": 1135,
        "interestIncomeExpense": -1111,
        "netIncome": 3468,
        "netIncomeAfterTaxes": 3468,
        "nonRecurringItems": -620,
        "period": "2019-12-31",
        "pretaxIncome": 4603,
        "provisionforIncomeTaxes": 1135,
        "revenue": 44998,
        "sgaExpense": 13519,
        "totalOperatingExpense": 20135,
        "totalOtherIncomeExpenseNet": -8,
        "year": 2019
      },
      {
        "costOfGoodsSold": 18354,
        "depreciationAmortization": 6486,
        "dilutedAverageSharesOutstanding": 858.29,
        "dilutedEPS": 3.36,
        "ebit": 5309,
        "grossIncome": 24956,
        "interestExpense": 1357,
        "interestIncomeExpense": -1338,
        "netIncome": 2888,
        "netIncomeAfterTaxes": 2888,
        "nonRecurringItems": 0,
        "period": "2018-12-31",
        "pretaxIncome": 3917,
        "provisionforIncomeTaxes": 1029,
        "revenue": 43310,
        "sgaExpense": 13161,
        "totalOperatingExpense": 19647,
        "totalOtherIncomeExpenseNet": -54,
        "year": 2018
      },
      {
        "costOfGoodsSold": 17708,
        "depreciationAmortization": 5984,
        "dilutedAverageSharesOutstanding": 871.787,
        "dilutedEPS": 5.14,
        "ebit": 4653,
        "grossIncome": 22896,
        "interestExpense": 1671,
        "interestIncomeExpense": -1654,
        "netIncome": 4481,
        "netIncomeAfterTaxes": 2339,
        "nonRecurringItems": 235,
        "period": "2017-12-31",
        "pretaxIncome": 3161,
        "provisionforIncomeTaxes": 822,
        "revenue": 40604,
        "sgaExpense": 12259,
        "totalOperatingExpense": 18243,
        "totalOtherIncomeExpenseNet": -73,
        "year": 2017
      },
      {
        "costOfGoodsSold": 16550,
        "depreciationAmortization": 6243,
        "dilutedAverageSharesOutstanding": 833.055,
        "dilutedEPS": 1.69,
        "ebit": 3215,
        "grossIncome": 20940,
        "interestExpense": 1730,
        "interestIncomeExpense": -1717,
        "netIncome": 1405,
        "netIncomeAfterTaxes": 1460,
        "nonRecurringItems": 835,
        "period": "2016-12-31",
        "pretaxIncome": 2327,
        "provisionforIncomeTaxes": 867,
        "revenue": 37490,
        "sgaExpense": 11482,
        "totalOperatingExpense": 17725,
        "totalOtherIncomeExpenseNet": -6,
        "year": 2016
      },
      {
        "costOfGoodsSold": 14898,
        "depreciationAmortization": 4688,
        "dilutedAverageSharesOutstanding": 822.618,
        "dilutedEPS": 0.82,
        "ebit": 1902,
        "grossIncome": 17155,
        "interestExpense": 1496,
        "interestIncomeExpense": -1076,
        "netIncome": 678,
        "netIncomeAfterTaxes": 733,
        "nonRecurringItems": 163,
        "otherOperatingExpensesTotal": 0,
        "period": "2015-12-31",
        "pretaxIncome": 978,
        "provisionforIncomeTaxes": 245,
        "revenue": 32053,
        "sgaExpense": 10565,
        "totalOperatingExpense": 15253,
        "totalOtherIncomeExpenseNet": -11,
        "year": 2015
      }
    ],
    "symbol": "TMUS"
  }
}