{
  "symbol": "FAST",
  "statement": "ic",
  "frequency": "quarterly",
  "timestamp": "2025-09-19T14:00:23.546901",
  "data": {
    "financials": [
      {
        "costOfGoodsSold": 1137.5,
        "dilutedAverageSharesOutstanding": 1150.1,
        "dilutedEPS": 0.2872,
        "ebit": 436.1,
        "grossIncome": 942.8,
        "interestExpense": 2.2,
        "interestIncomeExpense": 0.5,
        "netIncome": 330.3,
        "netIncomeAfterTaxes": 330.3,
        "period": "2025-06-30",
        "pretaxIncome": 436.6,
        "provisionforIncomeTaxes": 106.3,
        "revenue": 2080.3,
        "sgaExpense": 506.7,
        "totalOperatingExpense": 506.7
      },
      {
        "costOfGoodsSold": 1075.5,
        "dilutedAverageSharesOutstanding": 1149.6,
        "dilutedEPS": 0.2598,
        "ebit": 393.9,
        "grossIncome": 883.9,
        "interestExpense": 1.7,
        "interestIncomeExpense": -0.8,
        "netIncome": 298.7,
        "netIncomeAfterTaxes": 298.7,
        "period": "2025-03-31",
        "pretaxIncome": 393.1,
        "provisionforIncomeTaxes": 94.4,
        "revenue": 1959.4,
        "sgaExpense": 490,
        "totalOperatingExpense": 490
      },
      {
        "costOfGoodsSold": 1006.3,
        "dilutedAverageSharesOutstanding": 1149.6577,
        "dilutedEPS": 0.228,
        "ebit": 344.8,
        "grossIncome": 818.2,
        "interestExpense": 1.7,
        "interestIncomeExpense": -0.5,
        "netIncome": 262.1,
        "netIncomeAfterTaxes": 262.1,
        "period": "2024-12-31",
        "pretaxIncome": 344.3,
        "provisionforIncomeTaxes": 82.2,
        "revenue": 1824.5,
        "sgaExpense": 473.4,
        "totalOperatingExpense": 473.4
      },
      {
        "costOfGoodsSold": 1051.6,
        "dilutedAverageSharesOutstanding": 1148.4,
        "dilutedEPS": 0.2596,
        "ebit": 388.1,
        "grossIncome": 858.6,
        "interestExpense": 1.8,
        "interestIncomeExpense": -0.5,
        "netIncome": 298.1,
        "netIncomeAfterTaxes": 298.1,
        "period": "2024-09-30",
        "pretaxIncome": 387.6,
        "provisionforIncomeTaxes": 89.5,
        "revenue": 1910.2,
        "sgaExpense": 470.5,
        "totalOperatingExpense": 470.5
      },
      {
        "costOfGoodsSold": 1052.7,
        "dilutedAverageSharesOutstanding": 1148.2,
        "dilutedEPS": 0.25,
        "ebit": 386.9,
        "grossIncome": 863.5,
        "interestExpense": 1.8,
        "interestIncomeExpense": -0.5,
        "netIncome": 292.7,
        "netIncomeAfterTaxes": 292.7,
        "period": "2024-06-30",
        "pretaxIncome": 386.4,
        "provisionforIncomeTaxes": 93.7,
        "revenue": 1916.2,
        "sgaExpense": 476.6,
        "totalOperatingExpense": 476.6
      },
      {
        "costOfGoodsSold": 1033.5,
        "dilutedAverageSharesOutstanding": 1148.2,
        "dilutedEPS": 0.25,
        "ebit": 390.2,
        "grossIncome": 861.6,
        "interestExpense": 2,
        "interestIncomeExpense": -0.4,
        "netIncome": 297.7,
        "netIncomeAfterTaxes": 297.7,
        "period": "2024-03-31",
        "pretaxIncome": 389.8,
        "provisionforIncomeTaxes": 92.1,
        "revenue": 1895.1,
        "sgaExpense": 471.4,
        "totalOperatingExpense": 471.4
      },
      {
        "costOfGoodsSold": 959.2,
        "dilutedAverageSharesOutstanding": 1146.6,
        "dilutedEPS": 0.23,
        "ebit": 353.8,
        "grossIncome": 799.4,
        "interestExpense": 1.9,
        "interestIncomeExpense": 0.4,
        "netIncome": 266.4,
        "netIncomeAfterTaxes": 266.4,
        "period": "2023-12-31",
        "pretaxIncome": 354.2,
        "provisionforIncomeTaxes": 87.8,
        "revenue": 1758.6,
        "sgaExpense": 445.6,
        "totalOperatingExpense": 445.6
      },
      {
        "costOfGoodsSold": 998.3,
        "dilutedAverageSharesOutstanding": 1146.2,
        "dilutedEPS": 0.25,
        "ebit": 386.7,
        "grossIncome": 847.6,
        "interestExpense": 2.1,
        "interestIncomeExpense": -1.3,
        "netIncome": 295.5,
        "netIncomeAfterTaxes": 295.5,
        "period": "2023-09-30",
        "pretaxIncome": 385.4,
        "provisionforIncomeTaxes": 89.9,
        "revenue": 1845.9,
        "sgaExpense": 460.9,
        "totalOperatingExpense": 460.9
      },
      {
        "costOfGoodsSold": 1025.6,
        "dilutedAverageSharesOutstanding": 1145.8,
        "dilutedEPS": 0.26,
        "ebit": 394.9,
        "grossIncome": 857.5,
        "interestExpense": 2.9,
        "interestIncomeExpense": -2.3,
        "netIncome": 298,
        "netIncomeAfterTaxes": 298,
        "period": "2023-06-30",
        "pretaxIncome": 392.6,
        "provisionforIncomeTaxes": 94.6,
        "revenue": 1883.1,
        "sgaExpense": 462.6,
        "totalOperatingExpense": 462.6
      },
      {
        "costOfGoodsSold": 1009.1,
        "dilutedAverageSharesOutstanding": 1145.2,
        "dilutedEPS": 0.25,
        "ebit": 393.2,
        "grossIncome": 850,
        "interestExpense": 3.9,
        "interestIncomeExpense": -3.5,
        "netIncome": 295.1,
        "netIncomeAfterTaxes": 295.1,
        "period": "2023-03-31",
        "pretaxIncome": 389.7,
        "provisionforIncomeTaxes": 94.6,
        "revenue": 1859.1,
        "sgaExpense": 456.8,
        "totalOperatingExpense": 456.8
      },
      {
        "costOfGoodsSold": 927.2,
        "dilutedAverageSharesOutstanding": 1145.3849,
        "dilutedEPS": 0.21,
        "ebit": 332.9,
        "grossIncome": 768.4,
        "interestExpense": 5,
        "interestIncomeExpense": -4.7,
        "netIncome": 245.6,
        "netIncomeAfterTaxes": 245.6,
        "period": "2022-12-31",
        "pretaxIncome": 328.2,
        "provisionforIncomeTaxes": 82.6,
        "revenue": 1695.6,
        "sgaExpense": 435.5,
        "totalOperatingExpense": 435.5
      },
      {
        "costOfGoodsSold": 975.9,
        "dilutedAverageSharesOutstanding": 1149.4,
        "dilutedEPS": 0.24,
        "ebit": 379.2,
        "grossIncome": 826.5,
        "interestExpense": 4.1,
        "interestIncomeExpense": -3.9,
        "netIncome": 284.6,
        "netIncomeAfterTaxes": 284.6,
        "period": "2022-09-30",
        "pretaxIncome": 375.3,
        "provisionforIncomeTaxes": 90.7,
        "revenue": 1802.4,
        "sgaExpense": 447.3,
        "totalOperatingExpense": 447.3
      },
      {
        "costOfGoodsSold": 951,
        "dilutedAverageSharesOutstanding": 1154.8044,
        "dilutedEPS": 0.24,
        "ebit": 383.4,
        "grossIncome": 827.6,
        "interestExpense": 2.8,
        "interestIncomeExpense": -2.7,
        "netIncome": 287.1,
        "netIncomeAfterTaxes": 287.1,
        "period": "2022-06-30",
        "pretaxIncome": 380.7,
        "provisionforIncomeTaxes": 93.6,
        "revenue": 1778.6,
        "sgaExpense": 444.2,
        "totalOperatingExpense": 444.2
      },
      {
        "costOfGoodsSold": 910.8,
        "dilutedAverageSharesOutstanding": 1155.2377,
        "dilutedEPS": 0.23,
        "ebit": 358,
        "grossIncome": 793.3,
        "interestExpense": 2.4,
        "interestIncomeExpense": -2.3,
        "netIncome": 269.6,
        "netIncomeAfterTaxes": 269.6,
        "period": "2022-03-31",
        "pretaxIncome": 355.7,
        "provisionforIncomeTaxes": 86.1,
        "revenue": 1704.1,
        "sgaExpense": 435.3,
        "totalOperatingExpense": 435.3
      },
      {
        "costOfGoodsSold": 819,
        "dilutedAverageSharesOutstanding": 1155.2305,
        "dilutedEPS": 0.2,
        "ebit": 300.9,
        "grossIncome": 712.9,
        "interestExpense": 2.4,
        "interestIncomeExpense": -2.4,
        "netIncome": 231.2,
        "netIncomeAfterTaxes": 231.2,
        "period": "2021-12-31",
        "pretaxIncome": 298.5,
        "provisionforIncomeTaxes": 67.3,
        "revenue": 1531.9,
        "sgaExpense": 412,
        "totalOperatingExpense": 412
      },
      {
        "costOfGoodsSold": 834,
        "dilutedAverageSharesOutstanding": 1154.5197,
        "dilutedEPS": 0.21,
        "ebit": 318.4,
        "grossIncome": 720.2,
        "interestExpense": 2.4,
        "interestIncomeExpense": -2.3,
        "netIncome": 243.5,
        "netIncomeAfterTaxes": 243.5,
        "period": "2021-09-30",
        "pretaxIncome": 316.1,
        "provisionforIncomeTaxes": 72.6,
        "revenue": 1554.2,
        "sgaExpense": 401.8,
        "totalOperatingExpense": 401.8
      },
      {
        "costOfGoodsSold": 807,
        "dilutedAverageSharesOutstanding": 1154,
        "dilutedEPS": 0.2,
        "ebit": 317.8,
        "grossIncome": 700.7,
        "interestExpense": 2.6,
        "interestIncomeExpense": -2.6,
        "netIncome": 239.7,
        "netIncomeAfterTaxes": 239.7,
        "period": "2021-06-30",
        "pretaxIncome": 315.2,
        "provisionforIncomeTaxes": 75.5,
        "revenue": 1507.7,
        "sgaExpense": 382.9,
        "totalOperatingExpense": 382.9
      },
      {
        "costOfGoodsSold": 773.6,
        "dilutedAverageSharesOutstanding": 1153.094,
        "dilutedEPS": 0.18,
        "ebit": 280.3,
        "grossIncome": 643.4,
        "interestExpense": 2.4,
        "interestIncomeExpense": -2.4,
        "netIncome": 210.6,
        "netIncomeAfterTaxes": 210.6,
        "period": "2021-03-31",
        "pretaxIncome": 277.9,
        "provisionforIncomeTaxes": 67.3,
        "revenue": 1417,
        "sgaExpense": 363.1,
        "totalOperatingExpense": 363.1
      },
      {
        "costOfGoodsSold": 739.2,
        "dilutedAverageSharesOutstanding": 1152.6,
        "dilutedEPS": 0.17,
        "ebit": 264.1,
        "grossIncome": 618.8,
        "interestExpense": 2.5,
        "interestIncomeExpense": -2.2,
        "netIncome": 196.1,
        "netIncomeAfterTaxes": 196.1,
        "nonRecurringItems": 0.3,
        "period": "2020-12-31",
        "pretaxIncome": 262.2,
        "provisionforIncomeTaxes": 66.1,
        "revenue": 1358,
        "sgaExpense": 354.7,
        "totalOperatingExpense": 354.7
      },
      {
        "costOfGoodsSold": 772.7,
        "dilutedAverageSharesOutstanding": 1152.2,
        "dilutedEPS": 0.19,
        "ebit": 289.1,
        "grossIncome": 640.6,
        "interestExpense": 2.6,
        "interestIncomeExpense": -2.5,
        "netIncome": 221.5,
        "netIncomeAfterTaxes": 221.5,
        "nonRecurringItems": 1,
        "period": "2020-09-30",
        "pretaxIncome": 287.6,
        "provisionforIncomeTaxes": 66.1,
        "revenue": 1413.3,
        "sgaExpense": 351.5,
        "totalOperatingExpense": 351.5
      },
      {
        "costOfGoodsSold": 837.4,
        "dilutedAverageSharesOutstanding": 1150,
        "dilutedEPS": 0.2,
        "ebit": 316.3,
        "grossIncome": 671.6,
        "interestExpense": 2.4,
        "interestIncomeExpense": -2.3,
        "netIncome": 238.9,
        "netIncomeAfterTaxes": 238.9,
        "nonRecurringItems": -0.3,
        "period": "2020-06-30",
        "pretaxIncome": 313.7,
        "provisionforIncomeTaxes": 74.8,
        "revenue": 1509,
        "sgaExpense": 355.3,
        "totalOperatingExpense": 355.3
      },
      {
        "costOfGoodsSold": 730.2,
        "dilutedAverageSharesOutstanding": 1150.6377,
        "dilutedEPS": 0.17,
        "ebit": 270.9,
        "grossIncome": 636.8,
        "interestExpense": 2.2,
        "interestIncomeExpense": -2.1,
        "netIncome": 202.6,
        "netIncomeAfterTaxes": 202.6,
        "nonRecurringItems": 0.4,
        "period": "2020-03-31",
        "pretaxIncome": 269.2,
        "provisionforIncomeTaxes": 66.6,
        "revenue": 1367,
        "sgaExpense": 365.9,
        "totalOperatingExpense": 365.9
      },
      {
        "costOfGoodsSold": 678.5,
        "dilutedAverageSharesOutstanding": 1149.3324,
        "dilutedEPS": 0.15,
        "ebit": 238.5,
        "grossIncome": 598.4,
        "interestExpense": 2.6,
        "interestIncomeExpense": -2.5,
        "netIncome": 178.7,
        "netIncomeAfterTaxes": 178.7,
        "nonRecurringItems": 0.4,
        "period": "2019-12-31",
        "pretaxIncome": 236.4,
        "provisionforIncomeTaxes": 57.7,
        "revenue": 1276.9,
        "sgaExpense": 359.9,
        "totalOperatingExpense": 359.9
      },
      {
        "costOfGoodsSold": 728,
        "dilutedAverageSharesOutstanding": 1147.9546,
        "dilutedEPS": 0.18,
        "ebit": 281.9,
        "grossIncome": 651.1,
        "interestExpense": 3.6,
        "interestIncomeExpense": -3.5,
        "netIncome": 213.5,
        "netIncomeAfterTaxes": 213.5,
        "nonRecurringItems": 0,
        "period": "2019-09-30",
        "pretaxIncome": 278.4,
        "provisionforIncomeTaxes": 64.9,
        "revenue": 1379.1,
        "sgaExpense": 369.2,
        "totalOperatingExpense": 369.2
      },
      {
        "costOfGoodsSold": 727.2,
        "dilutedAverageSharesOutstanding": 1149.2,
        "dilutedEPS": 0.17,
        "ebit": 274.5,
        "grossIncome": 641.2,
        "interestExpense": 3.7,
        "interestIncomeExpense": -3.6,
        "netIncome": 204.6,
        "netIncomeAfterTaxes": 204.6,
        "nonRecurringItems": 0.5,
        "period": "2019-06-30",
        "pretaxIncome": 271.4,
        "provisionforIncomeTaxes": 66.8,
        "revenue": 1368.4,
        "sgaExpense": 366.7,
        "totalOperatingExpense": 366.7
      },
      {
        "costOfGoodsSold": 684.6,
        "dilutedAverageSharesOutstanding": 1145.9879,
        "dilutedEPS": 0.16,
        "ebit": 261.1,
        "grossIncome": 624.7,
        "interestExpense": 4,
        "interestIncomeExpense": -3.9,
        "netIncome": 194.1,
        "netIncomeAfterTaxes": 194.1,
        "nonRecurringItems": 0.3,
        "period": "2019-03-31",
        "pretaxIncome": 257.5,
        "provisionforIncomeTaxes": 63.4,
        "revenue": 1309.3,
        "sgaExpense": 363.6,
        "totalOperatingExpense": 363.6
      },
      {
        "costOfGoodsSold": 643.8,
        "dilutedAverageSharesOutstanding": 1144.6042,
        "dilutedEPS": 0.14,
        "ebit": 233.4,
        "grossIncome": 587.8,
        "interestExpense": 3.7,
        "interestIncomeExpense": -3.6,
        "netIncome": 168.8,
        "netIncomeAfterTaxes": 155.2,
        "nonRecurringItems": 0,
        "period": "2018-12-31",
        "pretaxIncome": 229.8,
        "provisionforIncomeTaxes": 74.6,
        "revenue": 1231.6,
        "sgaExpense": 354.4,
        "totalOperatingExpense": 354.4
      },
      {
        "costOfGoodsSold": 664,
        "dilutedAverageSharesOutstanding": 1149.2,
        "dilutedEPS": 0.17,
        "ebit": 262,
        "grossIncome": 615.8,
        "interestExpense": 3,
        "interestIncomeExpense": -2.9,
        "netIncome": 197.6,
        "netIncomeAfterTaxes": 199.5,
        "nonRecurringItems": 0.3,
        "period": "2018-09-30",
        "pretaxIncome": 259.4,
        "provisionforIncomeTaxes": 59.9,
        "revenue": 1279.8,
        "sgaExpense": 353.8,
        "totalOperatingExpense": 353.8
      },
      {
        "costOfGoodsSold": 650.2,
        "dilutedAverageSharesOutstanding": 1149.0299,
        "dilutedEPS": 0.18,
        "ebit": 268.4,
        "grossIncome": 617.7,
        "interestExpense": 3.2,
        "interestIncomeExpense": -3.1,
        "netIncome": 211.2,
        "netIncomeAfterTaxes": 211.2,
        "nonRecurringItems": 0.6,
        "period": "2018-06-30",
        "pretaxIncome": 265.9,
        "provisionforIncomeTaxes": 54.7,
        "revenue": 1267.9,
        "sgaExpense": 349.3,
        "totalOperatingExpense": 349.3
      },
      {
        "costOfGoodsSold": 608.2,
        "dilutedAverageSharesOutstanding": 1151.6,
        "dilutedEPS": 0.15,
        "ebit": 234.9,
        "grossIncome": 577.6,
        "interestExpense": 2.7,
        "interestIncomeExpense": -2.6,
        "netIncome": 174.3,
        "netIncomeAfterTaxes": 175.7,
        "nonRecurringItems": -0.4,
        "period": "2018-03-31",
        "pretaxIncome": 231.9,
        "provisionforIncomeTaxes": 56.2,
        "revenue": 1185.8,
        "sgaExpense": 342.7,
        "totalOperatingExpense": 342.7
      },
      {
        "costOfGoodsSold": 557.3,
        "dilutedAverageSharesOutstanding": 1150.2837,
        "dilutedEPS": 0.13,
        "ebit": 203.4,
        "grossIncome": 531.2,
        "interestExpense": 2.6,
        "interestIncomeExpense": -2.5,
        "netIncome": 152.4,
        "netIncomeAfterTaxes": 128.1,
        "nonRecurringItems": -0.1,
        "period": "2017-12-31",
        "pretaxIncome": 200.8,
        "provisionforIncomeTaxes": 72.7,
        "revenue": 1088.5,
        "sgaExpense": 327.8,
        "totalOperatingExpense": 327.8
      },
      {
        "costOfGoodsSold": 576.9,
        "dilutedAverageSharesOutstanding": 1150.4,
        "dilutedEPS": 0.12,
        "ebit": 228.4,
        "grossIncome": 555.9,
        "interestExpense": 2.6,
        "interestIncomeExpense": -2.5,
        "netIncome": 143.1,
        "netIncomeAfterTaxes": 143.1,
        "nonRecurringItems": 0.1,
        "period": "2017-09-30",
        "pretaxIncome": 226,
        "provisionforIncomeTaxes": 82.9,
        "revenue": 1132.8,
        "sgaExpense": 327.5,
        "totalOperatingExpense": 327.5
      },
      {
        "costOfGoodsSold": 563,
        "dilutedAverageSharesOutstanding": 1155.2,
        "dilutedEPS": 0.12,
        "ebit": 236.9,
        "grossIncome": 558.5,
        "interestExpense": 2.2,
        "interestIncomeExpense": -2.1,
        "netIncome": 148.9,
        "netIncomeAfterTaxes": 148.9,
        "nonRecurringItems": 0.6,
        "period": "2017-06-30",
        "pretaxIncome": 235.4,
        "provisionforIncomeTaxes": 86.5,
        "revenue": 1121.5,
        "sgaExpense": 321.6,
        "totalOperatingExpense": 321.6
      },
      {
        "costOfGoodsSold": 529.7,
        "dilutedAverageSharesOutstanding": 1157.8237,
        "dilutedEPS": 0.11,
        "ebit": 212.1,
        "grossIncome": 518,
        "interestExpense": 1.7,
        "interestIncomeExpense": -1.6,
        "netIncome": 134.2,
        "netIncomeAfterTaxes": 134.2,
        "nonRecurringItems": 0.4,
        "period": "2017-03-31",
        "pretaxIncome": 210.9,
        "provisionforIncomeTaxes": 76.7,
        "revenue": 1047.7,
        "sgaExpense": 305.9,
        "totalOperatingExpense": 305.9
      },
      {
        "costOfGoodsSold": 476.1,
        "dilutedAverageSharesOutstanding": 1156.8884,
        "dilutedEPS": 0.09,
        "ebit": 182.3,
        "grossIncome": 471.9,
        "interestExpense": 1.802,
        "interestIncomeExpense": -1.7,
        "netIncome": 114.8,
        "netIncomeAfterTaxes": 114.8,
        "nonRecurringItems": 0.2,
        "period": "2016-12-31",
        "pretaxIncome": 180.8,
        "provisionforIncomeTaxes": 66,
        "revenue": 947.9,
        "sgaExpense": 289.6,
        "totalOperatingExpense": 289.6
      },
      {
        "costOfGoodsSold": 513.3,
        "dilutedAverageSharesOutstanding": 1156.6,
        "dilutedEPS": 0.1,
        "ebit": 202.8,
        "grossIncome": 499.8,
        "interestExpense": 1.835,
        "interestIncomeExpense": -1.7,
        "netIncome": 126.9,
        "netIncomeAfterTaxes": 126.9,
        "nonRecurringItems": 0.2,
        "period": "2016-09-30",
        "pretaxIncome": 201.2,
        "provisionforIncomeTaxes": 74.3,
        "revenue": 1013.1,
        "sgaExpense": 297,
        "totalOperatingExpense": 297.1
      },
      {
        "costOfGoodsSold": 512.7,
        "dilutedAverageSharesOutstanding": 1156.4779,
        "dilutedEPS": 0.11,
        "ebit": 209,
        "grossIncome": 501.6,
        "interestExpense": 1.484,
        "interestIncomeExpense": -1.4,
        "netIncome": 131.5,
        "netIncomeAfterTaxes": 131.5,
        "nonRecurringItems": 0.2,
        "period": "2016-06-30",
        "pretaxIncome": 207.8,
        "provisionforIncomeTaxes": 76.3,
        "revenue": 1014.3,
        "sgaExpense": 292.6,
        "totalOperatingExpense": 292.6
      },
      {
        "costOfGoodsSold": 495.2,
        "dilutedAverageSharesOutstanding": 1156.496,
        "dilutedEPS": 0.1,
        "ebit": 201.3,
        "grossIncome": 491.5,
        "interestExpense": 1.383,
        "interestIncomeExpense": -1.3,
        "netIncome": 126.2,
        "netIncomeAfterTaxes": 126.2,
        "nonRecurringItems": -0.1,
        "period": "2016-03-31",
        "pretaxIncome": 199.9,
        "provisionforIncomeTaxes": 73.6,
        "revenue": 986.7,
        "sgaExpense": 290.2,
        "totalOperatingExpense": 290.2
      },
      {
        "costOfGoodsSold": 462.2,
        "dilutedAverageSharesOutstanding": 1160.0795,
        "dilutedEPS": 0.09,
        "ebit": 178.3,
        "grossIncome": 460.6,
        "interestExpense": 1.012,
        "interestIncomeExpense": -0.9,
        "netIncome": 111.9,
        "netIncomeAfterTaxes": 111.9,
        "nonRecurringItems": 0.8,
        "period": "2015-12-31",
        "pretaxIncome": 178.2,
        "provisionforIncomeTaxes": 66.3,
        "revenue": 922.8,
        "sgaExpense": 282.2,
        "totalOperatingExpense": 282.3
      },
      {
        "costOfGoodsSold": 493,
        "dilutedAverageSharesOutstanding": 1161.8982,
        "dilutedEPS": 0.11,
        "ebit": 219.8,
        "grossIncome": 502.2,
        "interestExpense": 0.942,
        "interestIncomeExpense": -0.8,
        "netIncome": 136.5,
        "netIncomeAfterTaxes": 136.5,
        "nonRecurringItems": 0.2,
        "period": "2015-09-30",
        "pretaxIncome": 219.2,
        "provisionforIncomeTaxes": 82.7,
        "revenue": 995.3,
        "sgaExpense": 282.4,
        "totalOperatingExpense": 282.4
      }
    ],
    "symbol": "FAST"
  }
}