{
  "symbol": "TXT",
  "statement": "ic",
  "frequency": "quarterly",
  "timestamp": "2025-09-19T14:07:30.276338",
  "data": {
    "financials": [
      {
        "costOfGoodsSold": 3007,
        "dilutedAverageSharesOutstanding": 181.091,
        "dilutedEPS": 1.3529,
        "ebit": 269,
        "grossIncome": 709,
        "interestExpense": 31,
        "interestIncomeExpense": -31,
        "netIncome": 245,
        "netIncomeAfterTaxes": 245,
        "nonRecurringItems": -4,
        "period": "2025-06-28",
        "pretaxIncome": 301,
        "provisionforIncomeTaxes": 56,
        "researchDevelopment": 137,
        "revenue": 3716,
        "sgaExpense": 303,
        "totalOperatingExpense": 440,
        "totalOtherIncomeExpenseNet": 67
      },
      {
        "costOfGoodsSold": 2672,
        "dilutedAverageSharesOutstanding": 183.668,
        "dilutedEPS": 1.127,
        "ebit": 204,
        "grossIncome": 634,
        "interestExpense": 29,
        "interestIncomeExpense": -29,
        "netIncome": 207,
        "netIncomeAfterTaxes": 207,
        "nonRecurringItems": 0,
        "period": "2025-03-29",
        "pretaxIncome": 241,
        "provisionforIncomeTaxes": 34,
        "researchDevelopment": 132,
        "revenue": 3306,
        "sgaExpense": 298,
        "totalOperatingExpense": 430,
        "totalOtherIncomeExpenseNet": 66
      },
      {
        "costOfGoodsSold": 2674,
        "depreciationAmortization": 8,
        "dilutedAverageSharesOutstanding": 185.57,
        "dilutedEPS": 0.7598,
        "ebit": 183,
        "grossIncome": 939,
        "interestExpense": 26,
        "interestIncomeExpense": -26,
        "netIncome": 141,
        "netIncomeAfterTaxes": 141,
        "nonRecurringItems": -91,
        "otherOperatingExpensesTotal": -8,
        "period": "2024-12-28",
        "pretaxIncome": 131,
        "provisionforIncomeTaxes": -10,
        "researchDevelopment": 491,
        "revenue": 3613,
        "sgaExpense": 265,
        "totalOperatingExpense": 756,
        "totalOtherIncomeExpenseNet": 65
      },
      {
        "costOfGoodsSold": 2935,
        "dilutedAverageSharesOutstanding": 188.944,
        "dilutedEPS": 1.1802,
        "ebit": 210,
        "grossIncome": 492,
        "interestExpense": 26,
        "interestIncomeExpense": -26,
        "netIncome": 223,
        "netIncomeAfterTaxes": 223,
        "nonRecurringItems": 2,
        "period": "2024-09-28",
        "pretaxIncome": 252,
        "provisionforIncomeTaxes": 29,
        "revenue": 3427,
        "sgaExpense": 282,
        "totalOperatingExpense": 282,
        "totalOtherIncomeExpenseNet": 66
      },
      {
        "costOfGoodsSold": 2939,
        "depreciationAmortization": 9,
        "dilutedAverageSharesOutstanding": 191.855,
        "dilutedEPS": 1.3552,
        "ebit": 295,
        "grossIncome": 588,
        "interestExpense": 25,
        "interestIncomeExpense": -25,
        "netIncome": 259,
        "netIncomeAfterTaxes": 260,
        "nonRecurringItems": -13,
        "otherOperatingExpensesTotal": -9,
        "period": "2024-06-29",
        "pretaxIncome": 323,
        "provisionforIncomeTaxes": 63,
        "revenue": 3527,
        "sgaExpense": 293,
        "totalOperatingExpense": 293,
        "totalOtherIncomeExpenseNet": 66
      },
      {
        "costOfGoodsSold": 2614,
        "dilutedAverageSharesOutstanding": 194.86,
        "dilutedEPS": 1.0315,
        "ebit": 205,
        "grossIncome": 521,
        "interestExpense": 20,
        "interestIncomeExpense": -20,
        "netIncome": 201,
        "netIncomeAfterTaxes": 201,
        "nonRecurringItems": -14,
        "period": "2024-03-30",
        "pretaxIncome": 237,
        "provisionforIncomeTaxes": 36,
        "revenue": 3135,
        "sgaExpense": 316,
        "totalOperatingExpense": 316,
        "totalOtherIncomeExpenseNet": 66
      },
      {
        "costOfGoodsSold": 3529,
        "depreciationAmortization": 9,
        "dilutedAverageSharesOutstanding": 197.584,
        "dilutedEPS": 1.0021,
        "ebit": 309,
        "grossIncome": 363,
        "interestExpense": 19,
        "interestIncomeExpense": -13,
        "netIncome": 198,
        "netIncomeAfterTaxes": 199,
        "nonRecurringItems": -126,
        "period": "2023-12-31",
        "pretaxIncome": 230,
        "provisionforIncomeTaxes": 31,
        "revenue": 3892,
        "sgaExpense": 45,
        "totalOperatingExpense": 54,
        "totalOtherIncomeExpenseNet": 60
      },
      {
        "costOfGoodsSold": 2779,
        "dilutedAverageSharesOutstanding": 199.992,
        "dilutedEPS": 1.3451,
        "ebit": 261,
        "grossIncome": 564,
        "interestExpense": 19,
        "interestIncomeExpense": -19,
        "netIncome": 269,
        "netIncomeAfterTaxes": 269,
        "period": "2023-09-30",
        "pretaxIncome": 301,
        "provisionforIncomeTaxes": 32,
        "revenue": 3343,
        "sgaExpense": 303,
        "totalOperatingExpense": 303,
        "totalOtherIncomeExpenseNet": 59
      },
      {
        "costOfGoodsSold": 2846,
        "dilutedAverageSharesOutstanding": 202.509,
        "dilutedEPS": 1.2987,
        "ebit": 289,
        "grossIncome": 578,
        "interestExpense": 19,
        "interestIncomeExpense": -19,
        "netIncome": 263,
        "netIncomeAfterTaxes": 263,
        "period": "2023-07-01",
        "pretaxIncome": 329,
        "provisionforIncomeTaxes": 66,
        "revenue": 3424,
        "sgaExpense": 289,
        "totalOperatingExpense": 289,
        "totalOtherIncomeExpenseNet": 59
      },
      {
        "costOfGoodsSold": 2531,
        "dilutedAverageSharesOutstanding": 207.011,
        "dilutedEPS": 0.9227,
        "ebit": 188,
        "grossIncome": 493,
        "interestExpense": 20,
        "interestIncomeExpense": -20,
        "netIncome": 191,
        "netIncomeAfterTaxes": 191,
        "period": "2023-04-02",
        "pretaxIncome": 227,
        "provisionforIncomeTaxes": 36,
        "revenue": 3024,
        "sgaExpense": 305,
        "totalOperatingExpense": 305,
        "totalOtherIncomeExpenseNet": 59
      },
      {
        "costOfGoodsSold": 3083,
        "dilutedAverageSharesOutstanding": 210.488,
        "dilutedEPS": 1.0737,
        "ebit": 208,
        "grossIncome": 553,
        "interestExpense": 11,
        "interestIncomeExpense": -11,
        "netIncome": 226,
        "netIncomeAfterTaxes": 226,
        "nonRecurringItems": 0,
        "period": "2022-12-31",
        "pretaxIncome": 257,
        "provisionforIncomeTaxes": 31,
        "revenue": 3636,
        "sgaExpense": 345,
        "totalOperatingExpense": 345,
        "totalOtherIncomeExpenseNet": 60
      },
      {
        "costOfGoodsSold": 2584,
        "dilutedAverageSharesOutstanding": 213.1,
        "dilutedEPS": 1.06,
        "ebit": 236,
        "grossIncome": 494,
        "interestExpense": 31,
        "interestIncomeExpense": -31,
        "netIncome": 225,
        "netIncomeAfterTaxes": 225,
        "nonRecurringItems": 0,
        "period": "2022-10-01",
        "pretaxIncome": 264,
        "provisionforIncomeTaxes": 39,
        "revenue": 3078,
        "sgaExpense": 258,
        "totalOperatingExpense": 258,
        "totalOtherIncomeExpenseNet": 59
      },
      {
        "costOfGoodsSold": 2641,
        "dilutedAverageSharesOutstanding": 216.7,
        "dilutedEPS": 1.01,
        "ebit": 235,
        "grossIncome": 513,
        "interestExpense": 32,
        "interestIncomeExpense": -32,
        "netIncome": 217,
        "netIncomeAfterTaxes": 218,
        "nonRecurringItems": 0,
        "period": "2022-07-02",
        "pretaxIncome": 263,
        "provisionforIncomeTaxes": 45,
        "revenue": 3154,
        "sgaExpense": 278,
        "totalOperatingExpense": 278,
        "totalOtherIncomeExpenseNet": 60
      },
      {
        "costOfGoodsSold": 2492,
        "dilutedAverageSharesOutstanding": 219.6,
        "dilutedEPS": 0.88,
        "ebit": 204,
        "grossIncome": 509,
        "interestExpense": 33,
        "interestIncomeExpense": -33,
        "netIncome": 193,
        "netIncomeAfterTaxes": 193,
        "nonRecurringItems": 0,
        "period": "2022-04-02",
        "pretaxIncome": 232,
        "provisionforIncomeTaxes": 39,
        "revenue": 3001,
        "sgaExpense": 305,
        "totalOperatingExpense": 305,
        "totalOtherIncomeExpenseNet": 61
      },
      {
        "costOfGoodsSold": 2751,
        "dilutedAverageSharesOutstanding": 222.7,
        "dilutedEPS": 0.93,
        "ebit": 245,
        "grossIncome": 571,
        "interestExpense": 33,
        "interestIncomeExpense": -33,
        "netIncome": 207,
        "netIncomeAfterTaxes": 207,
        "nonRecurringItems": -5,
        "period": "2022-01-01",
        "pretaxIncome": 247,
        "provisionforIncomeTaxes": 40,
        "revenue": 3322,
        "sgaExpense": 326,
        "totalOperatingExpense": 326,
        "totalOtherIncomeExpenseNet": 40
      },
      {
        "costOfGoodsSold": 2486,
        "dilutedAverageSharesOutstanding": 226.5,
        "dilutedEPS": 0.82,
        "ebit": 221,
        "grossIncome": 504,
        "interestExpense": 33,
        "interestIncomeExpense": -33,
        "netIncome": 185,
        "netIncomeAfterTaxes": 185,
        "nonRecurringItems": -10,
        "period": "2021-10-02",
        "pretaxIncome": 218,
        "provisionforIncomeTaxes": 33,
        "revenue": 2990,
        "sgaExpense": 283,
        "totalOperatingExpense": 283,
        "totalOtherIncomeExpenseNet": 40
      },
      {
        "costOfGoodsSold": 2660,
        "dilutedAverageSharesOutstanding": 228.4,
        "dilutedEPS": 0.81,
        "ebit": 217,
        "grossIncome": 531,
        "interestExpense": 36,
        "interestIncomeExpense": -36,
        "netIncome": 183,
        "netIncomeAfterTaxes": 184,
        "nonRecurringItems": -2,
        "period": "2021-07-03",
        "pretaxIncome": 218,
        "provisionforIncomeTaxes": 34,
        "revenue": 3191,
        "sgaExpense": 314,
        "totalOperatingExpense": 314,
        "totalOtherIncomeExpenseNet": 39
      },
      {
        "costOfGoodsSold": 2400,
        "dilutedAverageSharesOutstanding": 228.3,
        "dilutedEPS": 0.75,
        "ebit": 181,
        "grossIncome": 479,
        "interestExpense": 40,
        "interestIncomeExpense": -40,
        "netIncome": 171,
        "netIncomeAfterTaxes": 171,
        "nonRecurringItems": 9,
        "period": "2021-04-03",
        "pretaxIncome": 190,
        "provisionforIncomeTaxes": 19,
        "revenue": 2879,
        "sgaExpense": 298,
        "totalOperatingExpense": 298,
        "totalOtherIncomeExpenseNet": 40
      },
      {
        "costOfGoodsSold": 3124,
        "dilutedAverageSharesOutstanding": 229.4,
        "dilutedEPS": 1.03,
        "ebit": 258,
        "grossIncome": 543,
        "interestExpense": 41,
        "interestIncomeExpense": -41,
        "netIncome": 236,
        "netIncomeAfterTaxes": 236,
        "nonRecurringItems": -23,
        "period": "2021-01-02",
        "pretaxIncome": 215,
        "provisionforIncomeTaxes": -21,
        "revenue": 3667,
        "sgaExpense": 285,
        "totalOperatingExpense": 285,
        "totalOtherIncomeExpenseNet": 21
      },
      {
        "costOfGoodsSold": 2332,
        "dilutedAverageSharesOutstanding": 229.3,
        "dilutedEPS": 0.5,
        "ebit": 145,
        "grossIncome": 403,
        "interestExpense": 43,
        "interestIncomeExpense": -43,
        "netIncome": 115,
        "netIncomeAfterTaxes": 115,
        "nonRecurringItems": -7,
        "period": "2020-10-03",
        "pretaxIncome": 116,
        "provisionforIncomeTaxes": 1,
        "revenue": 2735,
        "sgaExpense": 258,
        "totalOperatingExpense": 258,
        "totalOtherIncomeExpenseNet": 21
      },
      {
        "costOfGoodsSold": 2251,
        "dilutedAverageSharesOutstanding": 228.2,
        "dilutedEPS": -0.4,
        "ebit": -18,
        "grossIncome": 221,
        "interestExpense": 42,
        "interestIncomeExpense": -42,
        "netIncome": -92,
        "netIncomeAfterTaxes": -92,
        "nonRecurringItems": -78,
        "period": "2020-07-04",
        "pretaxIncome": -118,
        "provisionforIncomeTaxes": -26,
        "revenue": 2472,
        "sgaExpense": 239,
        "totalOperatingExpense": 239,
        "totalOtherIncomeExpenseNet": 20
      },
      {
        "costOfGoodsSold": 2387,
        "dilutedAverageSharesOutstanding": 228.9,
        "dilutedEPS": 0.22,
        "ebit": 127,
        "grossIncome": 390,
        "interestExpense": 40,
        "interestIncomeExpense": -40,
        "netIncome": 50,
        "netIncomeAfterTaxes": 50,
        "nonRecurringItems": -39,
        "period": "2020-04-04",
        "pretaxIncome": 69,
        "provisionforIncomeTaxes": 19,
        "revenue": 2777,
        "sgaExpense": 263,
        "totalOperatingExpense": 263,
        "totalOtherIncomeExpenseNet": 21
      },
      {
        "costOfGoodsSold": 3441,
        "dilutedAverageSharesOutstanding": 229.8,
        "dilutedEPS": 0.87,
        "ebit": 296,
        "grossIncome": 594,
        "interestExpense": 42,
        "interestIncomeExpense": -42,
        "netIncome": 199,
        "netIncomeAfterTaxes": 199,
        "nonRecurringItems": -72,
        "period": "2020-01-04",
        "pretaxIncome": 210,
        "provisionforIncomeTaxes": 11,
        "revenue": 4035,
        "sgaExpense": 298,
        "totalOperatingExpense": 298,
        "totalOtherIncomeExpenseNet": 28
      },
      {
        "costOfGoodsSold": 2747,
        "dilutedAverageSharesOutstanding": 231.1,
        "dilutedEPS": 0.95,
        "ebit": 257,
        "grossIncome": 512,
        "interestExpense": 44,
        "interestIncomeExpense": -44,
        "netIncome": 220,
        "netIncomeAfterTaxes": 220,
        "nonRecurringItems": 0,
        "period": "2019-09-28",
        "pretaxIncome": 241,
        "provisionforIncomeTaxes": 21,
        "revenue": 3259,
        "sgaExpense": 255,
        "totalOperatingExpense": 255,
        "totalOtherIncomeExpenseNet": 28
      },
      {
        "costOfGoodsSold": 2641,
        "dilutedAverageSharesOutstanding": 233.5,
        "dilutedEPS": 0.93,
        "ebit": 294,
        "grossIncome": 586,
        "interestExpense": 43,
        "interestIncomeExpense": -43,
        "netIncome": 217,
        "netIncomeAfterTaxes": 217,
        "period": "2019-06-29",
        "pretaxIncome": 279,
        "provisionforIncomeTaxes": 62,
        "revenue": 3227,
        "sgaExpense": 292,
        "totalOperatingExpense": 292,
        "totalOtherIncomeExpenseNet": 28
      },
      {
        "costOfGoodsSold": 2577,
        "dilutedAverageSharesOutstanding": 236.4,
        "dilutedEPS": 0.76,
        "ebit": 225,
        "grossIncome": 532,
        "interestExpense": 42,
        "interestIncomeExpense": -42,
        "netIncome": 179,
        "netIncomeAfterTaxes": 179,
        "period": "2019-03-30",
        "pretaxIncome": 212,
        "provisionforIncomeTaxes": 33,
        "revenue": 3109,
        "sgaExpense": 307,
        "totalOperatingExpense": 307,
        "totalOtherIncomeExpenseNet": 29
      },
      {
        "costOfGoodsSold": 3105,
        "dilutedAverageSharesOutstanding": 242.6,
        "dilutedEPS": 1.01,
        "ebit": 374,
        "grossIncome": 645,
        "interestExpense": 42,
        "interestIncomeExpense": -42,
        "netIncome": 246,
        "netIncomeAfterTaxes": 232,
        "nonRecurringItems": -73,
        "period": "2018-12-29",
        "pretaxIncome": 278,
        "provisionforIncomeTaxes": 46,
        "revenue": 3750,
        "sgaExpense": 271,
        "totalOperatingExpense": 271,
        "totalOtherIncomeExpenseNet": 19
      },
      {
        "costOfGoodsSold": 2687,
        "dilutedAverageSharesOutstanding": 249.4,
        "dilutedEPS": 2.26,
        "ebit": 206,
        "grossIncome": 513,
        "interestExpense": 41,
        "interestIncomeExpense": -41,
        "netIncome": 563,
        "netIncomeAfterTaxes": 563,
        "nonRecurringItems": 444,
        "period": "2018-09-29",
        "pretaxIncome": 628,
        "provisionforIncomeTaxes": 65,
        "revenue": 3200,
        "sgaExpense": 307,
        "totalOperatingExpense": 307,
        "totalOtherIncomeExpenseNet": 19
      },
      {
        "costOfGoodsSold": 3073,
        "dilutedAverageSharesOutstanding": 257.2,
        "dilutedEPS": 0.87,
        "ebit": 283,
        "grossIncome": 653,
        "interestExpense": 42,
        "interestIncomeExpense": -42,
        "netIncome": 224,
        "netIncomeAfterTaxes": 224,
        "nonRecurringItems": 0,
        "period": "2018-06-30",
        "pretaxIncome": 260,
        "provisionforIncomeTaxes": 36,
        "revenue": 3726,
        "sgaExpense": 370,
        "totalOperatingExpense": 370,
        "totalOtherIncomeExpenseNet": 19
      },
      {
        "costOfGoodsSold": 2729,
        "dilutedAverageSharesOutstanding": 263.7,
        "dilutedEPS": 0.72,
        "ebit": 240,
        "grossIncome": 567,
        "interestExpense": 41,
        "interestIncomeExpense": -41,
        "netIncome": 189,
        "netIncomeAfterTaxes": 189,
        "nonRecurringItems": 0,
        "period": "2018-03-31",
        "pretaxIncome": 218,
        "provisionforIncomeTaxes": 29,
        "revenue": 3296,
        "sgaExpense": 327,
        "totalOperatingExpense": 327,
        "totalOtherIncomeExpenseNet": 19
      },
      {
        "costOfGoodsSold": 3344,
        "dilutedAverageSharesOutstanding": 263.3,
        "dilutedEPS": -0.4,
        "ebit": 323,
        "grossIncome": 673,
        "interestExpense": 45,
        "interestIncomeExpense": -45,
        "netIncome": -106,
        "netIncomeAfterTaxes": 160,
        "nonRecurringItems": -55,
        "period": "2017-12-30",
        "pretaxIncome": 223,
        "provisionforIncomeTaxes": 63,
        "revenue": 4017,
        "sgaExpense": 350,
        "totalOperatingExpense": 350
      },
      {
        "costOfGoodsSold": 2877,
        "dilutedAverageSharesOutstanding": 267,
        "dilutedEPS": 0.6,
        "ebit": 272,
        "grossIncome": 607,
        "interestExpense": 44,
        "interestIncomeExpense": -44,
        "netIncome": 159,
        "netIncomeAfterTaxes": 159,
        "nonRecurringItems": -25,
        "period": "2017-09-30",
        "pretaxIncome": 203,
        "provisionforIncomeTaxes": 44,
        "revenue": 3484,
        "sgaExpense": 335,
        "totalOperatingExpense": 335
      },
      {
        "costOfGoodsSold": 2990,
        "dilutedAverageSharesOutstanding": 269.3,
        "dilutedEPS": 0.57,
        "ebit": 271,
        "grossIncome": 614,
        "interestExpense": 43,
        "interestIncomeExpense": -43,
        "netIncome": 153,
        "netIncomeAfterTaxes": 153,
        "nonRecurringItems": -13,
        "period": "2017-07-01",
        "pretaxIncome": 215,
        "provisionforIncomeTaxes": 62,
        "revenue": 3604,
        "sgaExpense": 343,
        "totalOperatingExpense": 343
      },
      {
        "costOfGoodsSold": 2584,
        "dilutedAverageSharesOutstanding": 272.8,
        "dilutedEPS": 0.37,
        "ebit": 200,
        "grossIncome": 509,
        "interestExpense": 42,
        "interestIncomeExpense": -42,
        "netIncome": 101,
        "netIncomeAfterTaxes": 100,
        "nonRecurringItems": -37,
        "period": "2017-04-01",
        "pretaxIncome": 121,
        "provisionforIncomeTaxes": 21,
        "revenue": 3093,
        "sgaExpense": 309,
        "totalOperatingExpense": 309
      },
      {
        "costOfGoodsSold": 3126,
        "dilutedAverageSharesOutstanding": 273.3,
        "dilutedEPS": 0.79,
        "ebit": 344,
        "grossIncome": 699,
        "interestExpense": 42,
        "interestIncomeExpense": -42,
        "netIncome": 214,
        "netIncomeAfterTaxes": 215,
        "nonRecurringItems": -8,
        "period": "2016-12-31",
        "pretaxIncome": 294,
        "provisionforIncomeTaxes": 79,
        "revenue": 3825,
        "sgaExpense": 355,
        "totalOperatingExpense": 355
      },
      {
        "costOfGoodsSold": 2661,
        "dilutedAverageSharesOutstanding": 272.1,
        "dilutedEPS": 1.54,
        "ebit": 267,
        "grossIncome": 590,
        "interestExpense": 45,
        "interestIncomeExpense": -45,
        "netIncome": 421,
        "netIncomeAfterTaxes": 299,
        "nonRecurringItems": -115,
        "period": "2016-10-01",
        "pretaxIncome": 107,
        "provisionforIncomeTaxes": -192,
        "revenue": 3251,
        "sgaExpense": 323,
        "totalOperatingExpense": 323
      },
      {
        "costOfGoodsSold": 2889,
        "dilutedAverageSharesOutstanding": 271.3,
        "dilutedEPS": 0.66,
        "ebit": 304,
        "grossIncome": 622,
        "interestExpense": 44,
        "interestIncomeExpense": -44,
        "netIncome": 177,
        "netIncomeAfterTaxes": 178,
        "period": "2016-07-02",
        "pretaxIncome": 260,
        "provisionforIncomeTaxes": 82,
        "revenue": 3511,
        "sgaExpense": 318,
        "totalOperatingExpense": 318
      },
      {
        "costOfGoodsSold": 2635,
        "dilutedAverageSharesOutstanding": 273,
        "dilutedEPS": 0.55,
        "ebit": 258,
        "grossIncome": 566,
        "interestExpense": 43,
        "interestIncomeExpense": -43,
        "netIncome": 150,
        "netIncomeAfterTaxes": 151,
        "period": "2016-04-02",
        "pretaxIncome": 215,
        "provisionforIncomeTaxes": 64,
        "revenue": 3201,
        "sgaExpense": 308,
        "totalOperatingExpense": 308
      },
      {
        "costOfGoodsSold": 3251,
        "dilutedAverageSharesOutstanding": 276.7,
        "dilutedEPS": 0.81,
        "ebit": 337,
        "grossIncome": 672,
        "interestExpense": 43,
        "interestIncomeExpense": -43,
        "netIncome": 226,
        "netIncomeAfterTaxes": 225,
        "nonRecurringItems": 0,
        "period": "2016-01-02",
        "pretaxIncome": 294,
        "provisionforIncomeTaxes": 69,
        "revenue": 3923,
        "sgaExpense": 335,
        "totalOperatingExpense": 335
      },
      {
        "costOfGoodsSold": 2584,
        "dilutedAverageSharesOutstanding": 278,
        "dilutedEPS": 0.63,
        "ebit": 293,
        "grossIncome": 596,
        "interestExpense": 41,
        "interestIncomeExpense": -41,
        "netIncome": 176,
        "netIncomeAfterTaxes": 176,
        "nonRecurringItems": 0,
        "period": "2015-10-03",
        "pretaxIncome": 252,
        "provisionforIncomeTaxes": 76,
        "revenue": 3180,
        "sgaExpense": 303,
        "totalOperatingExpense": 303
      }
    ],
    "symbol": "TXT"
  }
}