{
  "symbol": "TRGP",
  "statement": "ic",
  "frequency": "annual",
  "timestamp": "2025-09-19T14:07:16.547412",
  "data": {
    "financials": [
      {
        "costOfGoodsSold": 10703,
        "depreciationAmortization": 1423,
        "dilutedAverageSharesOutstanding": 221.3,
        "dilutedEPS": 5.7366,
        "ebit": 2695.4,
        "grossIncome": 5678.5,
        "interestExpense": 752.4,
        "interestIncomeExpense": -757.8,
        "minorityInterest": -241.5,
        "netIncome": 1269.5,
        "netIncomeAfterTaxes": 1553.5,
        "nonRecurringItems": -0.8,
        "otherOperatingExpensesTotal": 1144.6,
        "period": "2024-12-31",
        "pretaxIncome": 1938,
        "provisionforIncomeTaxes": 384.5,
        "revenue": 16381.5,
        "sgaExpense": 415.5,
        "totalOperatingExpense": 2983.1,
        "totalOtherIncomeExpenseNet": 1.2,
        "year": 2024
      },
      {
        "costOfGoodsSold": 10676.4,
        "depreciationAmortization": 1329.6,
        "dilutedAverageSharesOutstanding": 226,
        "dilutedEPS": 3.6646,
        "ebit": 2626.2,
        "grossIncome": 5383.9,
        "interestExpense": 675.8,
        "interestIncomeExpense": -678.8,
        "minorityInterest": -233.4,
        "netIncome": 828.2,
        "netIncomeAfterTaxes": 1579.3,
        "nonRecurringItems": -2.1,
        "otherOperatingExpensesTotal": 1061.1,
        "period": "2023-12-31",
        "pretaxIncome": 1942.5,
        "provisionforIncomeTaxes": 363.2,
        "revenue": 16060.3,
        "sgaExpense": 367,
        "totalOperatingExpense": 2757.7,
        "totalOtherIncomeExpenseNet": -2.8,
        "year": 2023
      },
      {
        "costOfGoodsSold": 16882,
        "depreciationAmortization": 1096,
        "dilutedAverageSharesOutstanding": 231,
        "dilutedEPS": 3.88,
        "ebit": 1729,
        "grossIncome": 4048,
        "interestExpense": 447.6,
        "interestIncomeExpense": -437,
        "minorityInterest": -336,
        "netIncome": 897,
        "netIncomeAfterTaxes": 1531,
        "nonRecurringItems": 386,
        "otherOperatingExpensesTotal": 895,
        "period": "2022-12-31",
        "pretaxIncome": 1663,
        "provisionforIncomeTaxes": 132,
        "revenue": 20930,
        "sgaExpense": 327,
        "totalOperatingExpense": 2319,
        "totalOtherIncomeExpenseNet": -15,
        "year": 2022
      },
      {
        "costOfGoodsSold": 13730,
        "depreciationAmortization": 871,
        "dilutedAverageSharesOutstanding": 229,
        "dilutedEPS": -0.07,
        "ebit": 1329,
        "grossIncome": 3220,
        "interestExpense": 376.2,
        "interestIncomeExpense": -412,
        "minorityInterest": -351,
        "netIncome": -16,
        "netIncomeAfterTaxes": 422,
        "nonRecurringItems": -481,
        "otherOperatingExpensesTotal": 735,
        "period": "2021-12-31",
        "pretaxIncome": 437,
        "provisionforIncomeTaxes": 15,
        "revenue": 16950,
        "sgaExpense": 285,
        "totalOperatingExpense": 1891,
        "totalOtherIncomeExpenseNet": 1,
        "year": 2021
      },
      {
        "costOfGoodsSold": 5105,
        "depreciationAmortization": 865,
        "dilutedAverageSharesOutstanding": 232,
        "dilutedEPS": -7.26,
        "ebit": 1253,
        "grossIncome": 3155,
        "interestExpense": 388.9,
        "interestIncomeExpense": -319,
        "minorityInterest": -229,
        "netIncome": -1685,
        "netIncomeAfterTaxes": -1325,
        "nonRecurringItems": -2511,
        "otherOperatingExpensesTotal": 768,
        "period": "2020-12-31",
        "pretaxIncome": -1573,
        "provisionforIncomeTaxes": -248,
        "revenue": 8260,
        "sgaExpense": 269,
        "totalOperatingExpense": 1902,
        "totalOtherIncomeExpenseNet": 4,
        "year": 2020
      },
      {
        "costOfGoodsSold": 6119,
        "depreciationAmortization": 972,
        "dilutedAverageSharesOutstanding": 233,
        "dilutedEPS": -1.44,
        "ebit": 507,
        "grossIncome": 2553,
        "interestExpense": 337.8,
        "interestIncomeExpense": -299,
        "minorityInterest": -250,
        "netIncome": -334,
        "netIncomeAfterTaxes": 41,
        "nonRecurringItems": -246,
        "otherOperatingExpensesTotal": 783,
        "period": "2019-12-31",
        "pretaxIncome": -47,
        "provisionforIncomeTaxes": -88,
        "revenue": 8671,
        "sgaExpense": 291,
        "totalOperatingExpense": 2045,
        "totalOtherIncomeExpenseNet": -9,
        "year": 2019
      },
      {
        "costOfGoodsSold": 8238,
        "depreciationAmortization": 816,
        "dilutedAverageSharesOutstanding": 224,
        "dilutedEPS": -0.53,
        "ebit": 448,
        "grossIncome": 2246,
        "interestIncomeExpense": -179,
        "minorityInterest": -59,
        "netIncome": -119,
        "netIncomeAfterTaxes": 60,
        "nonRecurringItems": -212,
        "otherOperatingExpensesTotal": 722,
        "period": "2018-12-31",
        "pretaxIncome": 66,
        "provisionforIncomeTaxes": 6,
        "revenue": 10484,
        "sgaExpense": 260,
        "totalOperatingExpense": 1799,
        "totalOtherIncomeExpenseNet": 9,
        "year": 2018
      },
      {
        "costOfGoodsSold": 6906,
        "depreciationAmortization": 810,
        "dilutedAverageSharesOutstanding": 207,
        "dilutedEPS": -0.3,
        "ebit": 272,
        "grossIncome": 1909,
        "interestIncomeExpense": -251,
        "minorityInterest": -50,
        "netIncome": -63,
        "netIncomeAfterTaxes": -165,
        "nonRecurringItems": -411,
        "otherOperatingExpensesTotal": 624,
        "period": "2017-12-31",
        "pretaxIncome": -293,
        "provisionforIncomeTaxes": -128,
        "revenue": 8815,
        "sgaExpense": 204,
        "totalOperatingExpense": 1637,
        "totalOtherIncomeExpenseNet": 97,
        "year": 2017
      },
      {
        "costOfGoodsSold": 4923,
        "depreciationAmortization": 758,
        "dilutedAverageSharesOutstanding": 154,
        "dilutedEPS": -1.8,
        "ebit": 269,
        "grossIncome": 1768,
        "interestIncomeExpense": -269,
        "minorityInterest": -28,
        "netIncome": -278,
        "netIncomeAfterTaxes": -159,
        "nonRecurringItems": -261,
        "otherOperatingExpensesTotal": 554,
        "period": "2016-12-31",
        "pretaxIncome": -260,
        "provisionforIncomeTaxes": -101,
        "revenue": 6691,
        "sgaExpense": 188,
        "totalOperatingExpense": 1499,
        "totalOtherIncomeExpenseNet": 1,
        "year": 2016
      },
      {
        "costOfGoodsSold": 4873,
        "depreciationAmortization": 677,
        "dilutedAverageSharesOutstanding": 54,
        "dilutedEPS": 1.09,
        "ebit": 441,
        "grossIncome": 1786,
        "interestIncomeExpense": -234,
        "minorityInterest": 210,
        "netIncome": 58,
        "netIncomeAfterTaxes": -151,
        "nonRecurringItems": -292,
        "otherOperatingExpensesTotal": 505,
        "period": "2015-12-31",
        "pretaxIncome": -112,
        "provisionforIncomeTaxes": 40,
        "revenue": 6659,
        "sgaExpense": 162,
        "totalOperatingExpense": 1344,
        "totalOtherIncomeExpenseNet": -27,
        "year": 2015
      }
    ],
    "symbol": "TRGP"
  }
}