{
  "symbol": "COP",
  "statement": "ic",
  "frequency": "annual",
  "timestamp": "2025-09-19T13:58:23.120066",
  "data": {
    "financials": [
      {
        "costOfGoodsSold": 28763,
        "depreciationAmortization": 9599,
        "dilutedAverageSharesOutstanding": 1180.871,
        "dilutedEPS": 7.81,
        "ebit": 12506,
        "grossIncome": 25982,
        "interestExpense": 783,
        "interestIncomeExpense": 1374,
        "netIncome": 9218,
        "netIncomeAfterTaxes": 9245,
        "nonRecurringItems": -208,
        "otherOperatingExpensesTotal": 283,
        "period": "2024-12-31",
        "pretaxIncome": 13672,
        "provisionforIncomeTaxes": 4427,
        "researchDevelopment": 349,
        "revenue": 54745,
        "sgaExpense": 3245,
        "totalOperatingExpense": 13476,
        "year": 2024
      },
      {
        "costOfGoodsSold": 29668,
        "depreciationAmortization": 8270,
        "dilutedAverageSharesOutstanding": 1205.675,
        "dilutedEPS": 9.06,
        "ebit": 14867,
        "grossIncome": 26473,
        "interestExpense": 780,
        "interestIncomeExpense": 1260,
        "netIncome": 10922,
        "netIncomeAfterTaxes": 10957,
        "nonRecurringItems": 161,
        "otherOperatingExpensesTotal": 212,
        "period": "2023-12-31",
        "pretaxIncome": 16288,
        "provisionforIncomeTaxes": 5331,
        "researchDevelopment": 345,
        "revenue": 56141,
        "sgaExpense": 2779,
        "totalOperatingExpense": 11606,
        "year": 2023
      },
      {
        "costOfGoodsSold": 40977,
        "depreciationAmortization": 7504,
        "dilutedAverageSharesOutstanding": 1278.163,
        "dilutedEPS": 14.57,
        "ebit": 25406,
        "grossIncome": 37517,
        "interestExpense": 805,
        "interestIncomeExpense": 1822,
        "minorityInterest": 0,
        "netIncome": 18620,
        "netIncomeAfterTaxes": 18680,
        "nonRecurringItems": 1000,
        "otherOperatingExpensesTotal": 145,
        "period": "2022-12-31",
        "pretaxIncome": 28228,
        "provisionforIncomeTaxes": 9548,
        "researchDevelopment": 475,
        "revenue": 78494,
        "sgaExpense": 3987,
        "totalOperatingExpense": 12111,
        "year": 2022
      },
      {
        "costOfGoodsSold": 23724,
        "depreciationAmortization": 7208,
        "dilutedAverageSharesOutstanding": 1328.151,
        "dilutedEPS": 6.07,
        "ebit": 12258,
        "grossIncome": 22104,
        "interestExpense": 884,
        "interestIncomeExpense": 1043,
        "minorityInterest": 0,
        "netIncome": 8060,
        "netIncomeAfterTaxes": 8079,
        "nonRecurringItems": -589,
        "otherOperatingExpensesTotal": 185,
        "period": "2021-12-31",
        "pretaxIncome": 12712,
        "provisionforIncomeTaxes": 4633,
        "researchDevelopment": 308,
        "revenue": 45828,
        "sgaExpense": 2145,
        "totalOperatingExpense": 9846,
        "year": 2021
      },
      {
        "costOfGoodsSold": 12422,
        "depreciationAmortization": 5521,
        "dilutedAverageSharesOutstanding": 1078.03,
        "dilutedEPS": -2.51,
        "ebit": -951,
        "grossIncome": 6362,
        "interestExpense": 806,
        "interestIncomeExpense": -1057,
        "minorityInterest": -46,
        "netIncome": -2707,
        "netIncomeAfterTaxes": -2655,
        "nonRecurringItems": -1132,
        "otherOperatingExpensesTotal": 19,
        "period": "2020-12-31",
        "pretaxIncome": -3140,
        "provisionforIncomeTaxes": -485,
        "researchDevelopment": 589,
        "revenue": 18784,
        "sgaExpense": 1184,
        "totalOperatingExpense": 7313,
        "year": 2020
      },
      {
        "costOfGoodsSold": 17046,
        "depreciationAmortization": 6090,
        "dilutedAverageSharesOutstanding": 1123.536,
        "dilutedEPS": 6.4,
        "ebit": 6910,
        "grossIncome": 15380,
        "interestExpense": 778,
        "interestIncomeExpense": 777,
        "minorityInterest": -68,
        "netIncome": 7189,
        "netIncomeAfterTaxes": 7257,
        "nonRecurringItems": 1837,
        "otherOperatingExpensesTotal": 269,
        "period": "2019-12-31",
        "pretaxIncome": 9524,
        "provisionforIncomeTaxes": 2267,
        "researchDevelopment": 602,
        "revenue": 32426,
        "sgaExpense": 1509,
        "totalOperatingExpense": 8470,
        "year": 2019
      },
      {
        "costOfGoodsSold": 19466,
        "depreciationAmortization": 5956,
        "dilutedAverageSharesOutstanding": 1175.538,
        "dilutedEPS": 5.31,
        "ebit": 8570,
        "grossIncome": 17072,
        "interestExpense": 735,
        "interestIncomeExpense": 367,
        "minorityInterest": -48,
        "netIncome": 6257,
        "netIncomeAfterTaxes": 6295,
        "nonRecurringItems": 1036,
        "otherOperatingExpensesTotal": 728,
        "period": "2018-12-31",
        "pretaxIncome": 9973,
        "provisionforIncomeTaxes": 3678,
        "researchDevelopment": 369,
        "revenue": 36538,
        "sgaExpense": 1449,
        "totalOperatingExpense": 8502,
        "year": 2018
      },
      {
        "costOfGoodsSold": 17587,
        "depreciationAmortization": 6845,
        "dilutedAverageSharesOutstanding": 1221.038,
        "dilutedEPS": -0.7,
        "ebit": 2154,
        "grossIncome": 11971,
        "interestExpense": 1098,
        "interestIncomeExpense": -345,
        "minorityInterest": -62,
        "netIncome": -855,
        "netIncomeAfterTaxes": -1645,
        "nonRecurringItems": -4424,
        "otherOperatingExpensesTotal": 664,
        "period": "2017-12-31",
        "pretaxIncome": -2615,
        "provisionforIncomeTaxes": -970,
        "researchDevelopment": 938,
        "revenue": 29558,
        "sgaExpense": 1370,
        "totalOperatingExpense": 9817,
        "year": 2017
      },
      {
        "costOfGoodsSold": 15822,
        "depreciationAmortization": 9062,
        "dilutedAverageSharesOutstanding": 1245.44,
        "dilutedEPS": -2.9,
        "ebit": -4539,
        "grossIncome": 8325,
        "interestExpense": 1245,
        "interestIncomeExpense": -1212,
        "minorityInterest": -56,
        "netIncome": -3615,
        "netIncomeAfterTaxes": -3559,
        "nonRecurringItems": 221,
        "otherOperatingExpensesTotal": 425,
        "period": "2016-12-31",
        "pretaxIncome": -5530,
        "provisionforIncomeTaxes": -1971,
        "researchDevelopment": 1915,
        "revenue": 24147,
        "sgaExpense": 1462,
        "totalOperatingExpense": 12864,
        "year": 2016
      },
      {
        "costOfGoodsSold": 19241,
        "depreciationAmortization": 9113,
        "dilutedAverageSharesOutstanding": 1241.919,
        "dilutedEPS": -3.57,
        "ebit": -5427,
        "grossIncome": 10215,
        "interestExpense": 920,
        "interestIncomeExpense": -158,
        "minorityInterest": -57,
        "netIncome": -4428,
        "netIncomeAfterTaxes": -4371,
        "nonRecurringItems": -1654,
        "otherOperatingExpensesTotal": 483,
        "period": "2015-12-31",
        "pretaxIncome": -7239,
        "provisionforIncomeTaxes": -2868,
        "researchDevelopment": 4192,
        "revenue": 29456,
        "sgaExpense": 1854,
        "totalOperatingExpense": 15642,
        "year": 2015
      }
    ],
    "symbol": "COP"
  }
}