{
  "symbol": "HWM",
  "statement": "ic",
  "frequency": "quarterly",
  "timestamp": "2025-09-19T14:01:42.101377",
  "data": {
    "financials": [
      {
        "costOfGoodsSold": 1365,
        "depreciationAmortization": 69,
        "dilutedAverageSharesOutstanding": 406,
        "dilutedEPS": 1.0025,
        "ebit": 521,
        "grossIncome": 688,
        "interestExpense": 38,
        "interestIncomeExpense": -37,
        "netIncome": 407,
        "netIncomeAfterTaxes": 407,
        "nonRecurringItems": 0,
        "period": "2025-06-30",
        "pretaxIncome": 469,
        "provisionforIncomeTaxes": 62,
        "researchDevelopment": 9,
        "revenue": 2053,
        "sgaExpense": 89,
        "totalOperatingExpense": 167,
        "totalOtherIncomeExpenseNet": -15
      },
      {
        "costOfGoodsSold": 1290,
        "depreciationAmortization": 69,
        "dilutedAverageSharesOutstanding": 407,
        "dilutedEPS": 0.8428,
        "ebit": 490,
        "grossIncome": 652,
        "interestExpense": 39,
        "interestIncomeExpense": -40,
        "netIncome": 343,
        "netIncomeAfterTaxes": 344,
        "nonRecurringItems": 4,
        "period": "2025-03-31",
        "pretaxIncome": 446,
        "provisionforIncomeTaxes": 102,
        "researchDevelopment": 8,
        "revenue": 1942,
        "sgaExpense": 85,
        "totalOperatingExpense": 162,
        "totalOtherIncomeExpenseNet": -8
      },
      {
        "costOfGoodsSold": 1289,
        "depreciationAmortization": 73,
        "dilutedAverageSharesOutstanding": 407.7922,
        "dilutedEPS": 0.77,
        "ebit": 445,
        "grossIncome": 602,
        "interestExpense": 40,
        "interestIncomeExpense": -46,
        "netIncome": 314,
        "netIncomeAfterTaxes": 314,
        "nonRecurringItems": 0,
        "period": "2024-12-31",
        "pretaxIncome": 392,
        "provisionforIncomeTaxes": 78,
        "researchDevelopment": 7,
        "revenue": 1891,
        "sgaExpense": 77,
        "totalOperatingExpense": 157,
        "totalOtherIncomeExpenseNet": -7
      },
      {
        "costOfGoodsSold": 1253,
        "depreciationAmortization": 68,
        "dilutedAverageSharesOutstanding": 410,
        "dilutedEPS": 0.8073,
        "ebit": 420,
        "grossIncome": 582,
        "interestExpense": 44,
        "interestIncomeExpense": -47,
        "netIncome": 331,
        "netIncomeAfterTaxes": 332,
        "nonRecurringItems": -5,
        "period": "2024-09-30",
        "pretaxIncome": 354,
        "provisionforIncomeTaxes": 22,
        "researchDevelopment": 9,
        "revenue": 1835,
        "sgaExpense": 85,
        "totalOperatingExpense": 162,
        "totalOtherIncomeExpenseNet": -14
      },
      {
        "costOfGoodsSold": 1287,
        "depreciationAmortization": 69,
        "dilutedAverageSharesOutstanding": 411,
        "dilutedEPS": 0.6472,
        "ebit": 420,
        "grossIncome": 593,
        "interestExpense": 49,
        "interestIncomeExpense": -53,
        "netIncome": 266,
        "netIncomeAfterTaxes": 266,
        "nonRecurringItems": -22,
        "period": "2024-06-30",
        "pretaxIncome": 334,
        "provisionforIncomeTaxes": 68,
        "researchDevelopment": 7,
        "revenue": 1880,
        "sgaExpense": 97,
        "totalOperatingExpense": 173,
        "totalOtherIncomeExpenseNet": -11
      },
      {
        "costOfGoodsSold": 1290,
        "depreciationAmortization": 67,
        "dilutedAverageSharesOutstanding": 412,
        "dilutedEPS": 0.5874,
        "ebit": 369,
        "grossIncome": 534,
        "interestExpense": 49,
        "interestIncomeExpense": -54,
        "netIncome": 242,
        "netIncomeAfterTaxes": 243,
        "nonRecurringItems": 0,
        "period": "2024-03-31",
        "pretaxIncome": 303,
        "provisionforIncomeTaxes": 60,
        "researchDevelopment": 10,
        "revenue": 1824,
        "sgaExpense": 88,
        "totalOperatingExpense": 165,
        "totalOtherIncomeExpenseNet": -12
      },
      {
        "costOfGoodsSold": 1230,
        "depreciationAmortization": 68,
        "dilutedAverageSharesOutstanding": 413,
        "dilutedEPS": 0.5714,
        "ebit": 341,
        "grossIncome": 501,
        "interestExpense": 52,
        "interestIncomeExpense": -44,
        "netIncome": 236,
        "netIncomeAfterTaxes": 236,
        "nonRecurringItems": 10,
        "period": "2023-12-31",
        "pretaxIncome": 270,
        "provisionforIncomeTaxes": 34,
        "researchDevelopment": 9,
        "revenue": 1731,
        "sgaExpense": 83,
        "totalOperatingExpense": 160,
        "totalOtherIncomeExpenseNet": -37
      },
      {
        "costOfGoodsSold": 1183,
        "depreciationAmortization": 68,
        "dilutedAverageSharesOutstanding": 415,
        "dilutedEPS": 0.45,
        "ebit": 311,
        "grossIncome": 475,
        "interestExpense": 54,
        "interestIncomeExpense": -60,
        "netIncome": 187,
        "netIncomeAfterTaxes": 188,
        "nonRecurringItems": -4,
        "period": "2023-09-30",
        "pretaxIncome": 242,
        "provisionforIncomeTaxes": 54,
        "researchDevelopment": 9,
        "revenue": 1658,
        "sgaExpense": 87,
        "totalOperatingExpense": 164,
        "totalOtherIncomeExpenseNet": -5
      },
      {
        "costOfGoodsSold": 1196,
        "depreciationAmortization": 67,
        "dilutedAverageSharesOutstanding": 417,
        "dilutedEPS": 0.46,
        "ebit": 288,
        "grossIncome": 452,
        "interestExpense": 55,
        "interestIncomeExpense": -57,
        "netIncome": 193,
        "netIncomeAfterTaxes": 193,
        "nonRecurringItems": -3,
        "period": "2023-06-30",
        "pretaxIncome": 243,
        "provisionforIncomeTaxes": 50,
        "researchDevelopment": 9,
        "revenue": 1648,
        "sgaExpense": 88,
        "totalOperatingExpense": 164,
        "totalOtherIncomeExpenseNet": 15
      },
      {
        "costOfGoodsSold": 1164,
        "depreciationAmortization": 69,
        "dilutedAverageSharesOutstanding": 418,
        "dilutedEPS": 0.35,
        "ebit": 286,
        "grossIncome": 439,
        "interestExpense": 57,
        "interestIncomeExpense": -54,
        "netIncome": 147,
        "netIncomeAfterTaxes": 148,
        "nonRecurringItems": -2,
        "period": "2023-03-31",
        "pretaxIncome": 220,
        "provisionforIncomeTaxes": 72,
        "researchDevelopment": 9,
        "revenue": 1603,
        "sgaExpense": 75,
        "totalOperatingExpense": 153,
        "totalOtherIncomeExpenseNet": -10
      },
      {
        "costOfGoodsSold": 1110,
        "depreciationAmortization": 67,
        "dilutedAverageSharesOutstanding": 418,
        "dilutedEPS": 0.27,
        "ebit": 264,
        "grossIncome": 403,
        "interestExpense": 57,
        "interestIncomeExpense": -66,
        "netIncome": 111,
        "netIncomeAfterTaxes": 111,
        "nonRecurringItems": -109,
        "period": "2022-12-31",
        "pretaxIncome": 148,
        "provisionforIncomeTaxes": 37,
        "researchDevelopment": 9,
        "revenue": 1513,
        "sgaExpense": 63,
        "totalOperatingExpense": 139,
        "totalOtherIncomeExpenseNet": 59
      },
      {
        "costOfGoodsSold": 1056,
        "depreciationAmortization": 65,
        "dilutedAverageSharesOutstanding": 420,
        "dilutedEPS": 0.19,
        "ebit": 232,
        "grossIncome": 377,
        "interestExpense": 57,
        "interestIncomeExpense": -57,
        "netIncome": 79,
        "netIncomeAfterTaxes": 80,
        "nonRecurringItems": -4,
        "period": "2022-09-30",
        "pretaxIncome": 104,
        "provisionforIncomeTaxes": 24,
        "researchDevelopment": 7,
        "revenue": 1433,
        "sgaExpense": 73,
        "totalOperatingExpense": 145,
        "totalOtherIncomeExpenseNet": -67
      },
      {
        "costOfGoodsSold": 987,
        "depreciationAmortization": 67,
        "dilutedAverageSharesOutstanding": 422,
        "dilutedEPS": 0.35,
        "ebit": 247,
        "grossIncome": 406,
        "interestExpense": 57,
        "interestIncomeExpense": -59,
        "netIncome": 147,
        "netIncomeAfterTaxes": 147,
        "nonRecurringItems": -8,
        "period": "2022-06-30",
        "pretaxIncome": 183,
        "provisionforIncomeTaxes": 36,
        "researchDevelopment": 9,
        "revenue": 1393,
        "sgaExpense": 83,
        "totalOperatingExpense": 159,
        "totalOtherIncomeExpenseNet": 3
      },
      {
        "costOfGoodsSold": 950,
        "depreciationAmortization": 66,
        "dilutedAverageSharesOutstanding": 425,
        "dilutedEPS": 0.31,
        "ebit": 232,
        "grossIncome": 374,
        "interestExpense": 58,
        "interestIncomeExpense": -58,
        "netIncome": 130,
        "netIncomeAfterTaxes": 131,
        "nonRecurringItems": -2,
        "period": "2022-03-31",
        "pretaxIncome": 171,
        "provisionforIncomeTaxes": 40,
        "researchDevelopment": 7,
        "revenue": 1324,
        "sgaExpense": 69,
        "totalOperatingExpense": 142,
        "totalOtherIncomeExpenseNet": -1
      },
      {
        "costOfGoodsSold": 938,
        "depreciationAmortization": 67,
        "dilutedAverageSharesOutstanding": 429,
        "dilutedEPS": 0.18,
        "ebit": 215,
        "gainLossOnDispositionOfAssets": -2,
        "grossIncome": 347,
        "interestExpense": 58,
        "interestIncomeExpense": -59,
        "netIncome": 77,
        "netIncomeAfterTaxes": 77,
        "nonRecurringItems": -73,
        "period": "2021-12-31",
        "pretaxIncome": 78,
        "provisionforIncomeTaxes": 1,
        "researchDevelopment": 4,
        "revenue": 1285,
        "sgaExpense": 61,
        "totalOperatingExpense": 132,
        "totalOtherIncomeExpenseNet": -3
      },
      {
        "costOfGoodsSold": 928,
        "depreciationAmortization": 68,
        "dilutedAverageSharesOutstanding": 434,
        "dilutedEPS": 0.06,
        "ebit": 213,
        "gainLossOnDispositionOfAssets": -3,
        "grossIncome": 355,
        "interestExpense": 63,
        "interestIncomeExpense": -60,
        "netIncome": 26,
        "netIncomeAfterTaxes": 27,
        "nonRecurringItems": -126,
        "period": "2021-09-30",
        "pretaxIncome": 23,
        "provisionforIncomeTaxes": -4,
        "researchDevelopment": 4,
        "revenue": 1283,
        "sgaExpense": 70,
        "totalOperatingExpense": 142,
        "totalOtherIncomeExpenseNet": -1
      },
      {
        "costOfGoodsSold": 857,
        "depreciationAmortization": 67,
        "dilutedAverageSharesOutstanding": 437,
        "dilutedEPS": 0.17,
        "ebit": 212,
        "gainLossOnDispositionOfAssets": -1,
        "grossIncome": 338,
        "interestExpense": 66,
        "interestIncomeExpense": -66,
        "netIncome": 73,
        "netIncomeAfterTaxes": 74,
        "nonRecurringItems": -28,
        "period": "2021-06-30",
        "pretaxIncome": 110,
        "provisionforIncomeTaxes": 36,
        "researchDevelopment": 4,
        "revenue": 1195,
        "sgaExpense": 55,
        "totalOperatingExpense": 126,
        "totalOtherIncomeExpenseNet": -7
      },
      {
        "costOfGoodsSold": 873,
        "depreciationAmortization": 68,
        "dilutedAverageSharesOutstanding": 439,
        "dilutedEPS": 0.18,
        "ebit": 198,
        "gainLossOnDispositionOfAssets": -3,
        "grossIncome": 336,
        "interestExpense": 72,
        "interestIncomeExpense": -74,
        "netIncome": 79,
        "netIncomeAfterTaxes": 80,
        "nonRecurringItems": -9,
        "period": "2021-03-31",
        "pretaxIncome": 113,
        "provisionforIncomeTaxes": 33,
        "researchDevelopment": 5,
        "revenue": 1209,
        "sgaExpense": 65,
        "totalOperatingExpense": 138,
        "totalOtherIncomeExpenseNet": 1
      },
      {
        "costOfGoodsSold": 872,
        "depreciationAmortization": 67,
        "dilutedAverageSharesOutstanding": 436,
        "dilutedEPS": 0.24,
        "ebit": 237,
        "gainLossOnDispositionOfAssets": -2,
        "grossIncome": 366,
        "interestExpense": 76,
        "interestIncomeExpense": -77,
        "netIncome": 106,
        "netIncomeAfterTaxes": 106,
        "nonRecurringItems": -16,
        "period": "2020-12-31",
        "pretaxIncome": 71,
        "provisionforIncomeTaxes": -35,
        "researchDevelopment": 4,
        "revenue": 1238,
        "sgaExpense": 58,
        "totalOperatingExpense": 129,
        "totalOtherIncomeExpenseNet": -71
      },
      {
        "costOfGoodsSold": 900,
        "depreciationAmortization": 68,
        "dilutedAverageSharesOutstanding": 439,
        "dilutedEPS": 0.08,
        "ebit": 95,
        "gainLossOnDispositionOfAssets": -2,
        "grossIncome": 234,
        "interestExpense": 77,
        "interestIncomeExpense": -71,
        "netIncome": 35,
        "netIncomeAfterTaxes": 36,
        "nonRecurringItems": -22,
        "period": "2020-09-30",
        "pretaxIncome": -12,
        "provisionforIncomeTaxes": -48,
        "researchDevelopment": 5,
        "revenue": 1134,
        "sgaExpense": 66,
        "totalOperatingExpense": 139,
        "totalOtherIncomeExpenseNet": -12
      },
      {
        "costOfGoodsSold": 923,
        "depreciationAmortization": 73,
        "dilutedAverageSharesOutstanding": 436,
        "dilutedEPS": -0.22,
        "ebit": 179,
        "gainLossOnDispositionOfAssets": -2,
        "grossIncome": 330,
        "interestExpense": 144,
        "interestIncomeExpense": -137,
        "netIncome": -96,
        "netIncomeAfterTaxes": -84,
        "nonRecurringItems": -105,
        "period": "2020-06-30",
        "pretaxIncome": -86,
        "provisionforIncomeTaxes": -2,
        "researchDevelopment": 4,
        "revenue": 1253,
        "sgaExpense": 74,
        "totalOperatingExpense": 151,
        "totalOtherIncomeExpenseNet": -21
      },
      {
        "costOfGoodsSold": 1183,
        "depreciationAmortization": 71,
        "dilutedAverageSharesOutstanding": 440,
        "dilutedEPS": 0.48,
        "ebit": 297,
        "gainLossOnDispositionOfAssets": -2,
        "grossIncome": 451,
        "interestExpense": 84,
        "interestIncomeExpense": -80,
        "netIncome": 214,
        "netIncomeAfterTaxes": 153,
        "nonRecurringItems": -39,
        "period": "2020-03-31",
        "pretaxIncome": 198,
        "provisionforIncomeTaxes": 45,
        "researchDevelopment": 4,
        "revenue": 1634,
        "sgaExpense": 79,
        "totalOperatingExpense": 154,
        "totalOtherIncomeExpenseNet": 22
      },
      {
        "costOfGoodsSold": 1269,
        "depreciationAmortization": 71,
        "dilutedAverageSharesOutstanding": 487,
        "dilutedEPS": 0.63,
        "ebit": 295,
        "gainLossOnDispositionOfAssets": -1,
        "grossIncome": 465,
        "interestExpense": 82,
        "interestIncomeExpense": -75,
        "netIncome": 309,
        "netIncomeAfterTaxes": 118,
        "nonRecurringItems": -10,
        "period": "2019-12-31",
        "pretaxIncome": 198,
        "provisionforIncomeTaxes": 80,
        "researchDevelopment": 6,
        "revenue": 1734,
        "sgaExpense": 93,
        "totalOperatingExpense": 170,
        "totalOtherIncomeExpenseNet": -11
      },
      {
        "costOfGoodsSold": 1317,
        "depreciationAmortization": 70,
        "dilutedAverageSharesOutstanding": 457,
        "dilutedEPS": 0.2,
        "ebit": 312,
        "gainLossOnDispositionOfAssets": -2,
        "grossIncome": 477,
        "interestExpense": 85,
        "interestIncomeExpense": -87,
        "netIncome": 94,
        "netIncomeAfterTaxes": 58,
        "nonRecurringItems": -56,
        "period": "2019-09-30",
        "pretaxIncome": 163,
        "provisionforIncomeTaxes": 105,
        "researchDevelopment": 6,
        "revenue": 1794,
        "sgaExpense": 89,
        "totalOperatingExpense": 165,
        "totalOtherIncomeExpenseNet": -4
      },
      {
        "costOfGoodsSold": 1335,
        "depreciationAmortization": 78,
        "dilutedAverageSharesOutstanding": 445,
        "dilutedEPS": -0.27,
        "ebit": 296,
        "gainLossOnDispositionOfAssets": -5,
        "grossIncome": 483,
        "interestExpense": 86,
        "interestIncomeExpense": -77,
        "netIncome": -121,
        "netIncomeAfterTaxes": -136,
        "nonRecurringItems": -472,
        "period": "2019-06-30",
        "pretaxIncome": -268,
        "provisionforIncomeTaxes": -132,
        "researchDevelopment": 7,
        "revenue": 1818,
        "sgaExpense": 102,
        "totalOperatingExpense": 187,
        "totalOtherIncomeExpenseNet": -10
      },
      {
        "costOfGoodsSold": 1293,
        "depreciationAmortization": 76,
        "dilutedAverageSharesOutstanding": 451.5,
        "dilutedEPS": 0.41,
        "ebit": 258,
        "gainLossOnDispositionOfAssets": -2,
        "grossIncome": 459,
        "interestExpense": 85,
        "interestIncomeExpense": -80,
        "netIncome": 186,
        "netIncomeAfterTaxes": 86,
        "nonRecurringItems": -44,
        "period": "2019-03-31",
        "pretaxIncome": 117,
        "provisionforIncomeTaxes": 31,
        "researchDevelopment": 9,
        "revenue": 1752,
        "sgaExpense": 116,
        "totalOperatingExpense": 201,
        "totalOtherIncomeExpenseNet": -15
      },
      {
        "costOfGoodsSold": -3438,
        "depreciationAmortization": -113,
        "dilutedAverageSharesOutstanding": 516.1,
        "dilutedEPS": 0.42,
        "ebit": -84,
        "gainLossOnDispositionOfAssets": -3,
        "grossIncome": -326,
        "interestExpense": 86,
        "interestIncomeExpense": -69,
        "netIncome": 217,
        "netIncomeAfterTaxes": -56,
        "nonRecurringItems": -143,
        "period": "2018-12-31",
        "pretaxIncome": -214,
        "provisionforIncomeTaxes": -158,
        "researchDevelopment": -36,
        "revenue": -3764,
        "sgaExpense": -93,
        "totalOperatingExpense": -242,
        "totalOtherIncomeExpenseNet": 85
      },
      {
        "costOfGoodsSold": 2881,
        "depreciationAmortization": 141,
        "dilutedAverageSharesOutstanding": 502,
        "dilutedEPS": 0.33,
        "ebit": 343,
        "gainLossOnDispositionOfAssets": -2,
        "grossIncome": 643,
        "interestExpense": 88,
        "interestIncomeExpense": -88,
        "netIncome": 161,
        "netIncomeAfterTaxes": 161,
        "nonRecurringItems": 2,
        "period": "2018-09-30",
        "pretaxIncome": 249,
        "provisionforIncomeTaxes": 88,
        "researchDevelopment": 25,
        "revenue": 3524,
        "sgaExpense": 134,
        "totalOperatingExpense": 300,
        "totalOtherIncomeExpenseNet": -6
      },
      {
        "costOfGoodsSold": 2903,
        "depreciationAmortization": 144,
        "dilutedAverageSharesOutstanding": 502,
        "dilutedEPS": 0.25,
        "ebit": 339,
        "gainLossOnDispositionOfAssets": -2,
        "grossIncome": 670,
        "interestExpense": 89,
        "interestIncomeExpense": -102,
        "netIncome": 120,
        "netIncomeAfterTaxes": 120,
        "nonRecurringItems": -15,
        "period": "2018-06-30",
        "pretaxIncome": 194,
        "provisionforIncomeTaxes": 74,
        "researchDevelopment": 29,
        "revenue": 3573,
        "sgaExpense": 158,
        "totalOperatingExpense": 331,
        "totalOtherIncomeExpenseNet": -26
      },
      {
        "costOfGoodsSold": 2768,
        "depreciationAmortization": 142,
        "dilutedAverageSharesOutstanding": 503,
        "dilutedEPS": 0.29,
        "ebit": 340,
        "gainLossOnDispositionOfAssets": -3,
        "grossIncome": 677,
        "interestExpense": 114,
        "interestIncomeExpense": -105,
        "netIncome": 142,
        "netIncomeAfterTaxes": 143,
        "nonRecurringItems": -7,
        "period": "2018-03-31",
        "pretaxIncome": 199,
        "provisionforIncomeTaxes": 56,
        "researchDevelopment": 23,
        "revenue": 3445,
        "sgaExpense": 172,
        "totalOperatingExpense": 337,
        "totalOtherIncomeExpenseNet": -26
      },
      {
        "costOfGoodsSold": 2520,
        "depreciationAmortization": 141,
        "dilutedAverageSharesOutstanding": 481,
        "dilutedEPS": -1.51,
        "ebit": 449,
        "grossIncome": 751,
        "interestExpense": 98,
        "interestIncomeExpense": -98,
        "netIncome": -727,
        "netIncomeAfterTaxes": -455,
        "nonRecurringItems": -766,
        "period": "2017-12-31",
        "pretaxIncome": -455,
        "provisionforIncomeTaxes": 0,
        "researchDevelopment": 26,
        "revenue": 3271,
        "sgaExpense": 135,
        "totalOperatingExpense": 302,
        "totalOtherIncomeExpenseNet": -40
      },
      {
        "costOfGoodsSold": 2626,
        "depreciationAmortization": 140,
        "dilutedAverageSharesOutstanding": 462,
        "dilutedEPS": 0.22,
        "ebit": 290,
        "grossIncome": 610,
        "interestExpense": 100,
        "interestIncomeExpense": -100,
        "minorityInterest": 0,
        "netIncome": 101,
        "netIncomeAfterTaxes": 119,
        "nonRecurringItems": -19,
        "period": "2017-09-30",
        "pretaxIncome": 172,
        "provisionforIncomeTaxes": 53,
        "researchDevelopment": 25,
        "revenue": 3236,
        "sgaExpense": 155,
        "totalOperatingExpense": 320,
        "totalOtherIncomeExpenseNet": 1
      },
      {
        "costOfGoodsSold": 2583,
        "depreciationAmortization": 137,
        "dilutedAverageSharesOutstanding": 462,
        "dilutedEPS": 0.42,
        "ebit": 307,
        "grossIncome": 678,
        "interestExpense": 183,
        "interestIncomeExpense": -183,
        "minorityInterest": 0,
        "netIncome": 194,
        "netIncomeAfterTaxes": 212,
        "nonRecurringItems": -26,
        "period": "2017-06-30",
        "pretaxIncome": 269,
        "provisionforIncomeTaxes": 57,
        "researchDevelopment": 30,
        "revenue": 3261,
        "sgaExpense": 204,
        "totalOperatingExpense": 371,
        "totalOtherIncomeExpenseNet": 171
      },
      {
        "costOfGoodsSold": 2492,
        "depreciationAmortization": 133,
        "dilutedAverageSharesOutstanding": 481,
        "dilutedEPS": 0.63,
        "ebit": 318,
        "grossIncome": 700,
        "interestExpense": 115,
        "interestIncomeExpense": -115,
        "minorityInterest": 0,
        "netIncome": 305,
        "netIncomeAfterTaxes": 322,
        "nonRecurringItems": -73,
        "period": "2017-03-31",
        "pretaxIncome": 484,
        "provisionforIncomeTaxes": 162,
        "researchDevelopment": 28,
        "revenue": 3192,
        "sgaExpense": 221,
        "totalOperatingExpense": 382,
        "totalOtherIncomeExpenseNet": 354
      },
      {
        "costOfGoodsSold": -1022,
        "depreciationAmortization": -223,
        "dilutedAverageSharesOutstanding": 432.3,
        "dilutedEPS": -2.94,
        "ebit": -136,
        "gainLossOnDispositionOfAssets": -163,
        "grossIncome": -147,
        "interestIncomeExpense": -65,
        "minorityInterest": 58,
        "netIncome": -1274,
        "netIncomeAfterTaxes": -1536,
        "nonRecurringItems": -98,
        "otherOperatingExpensesTotal": 12,
        "period": "2016-12-31",
        "pretaxIncome": -410,
        "provisionforIncomeTaxes": 1126,
        "researchDevelopment": 24,
        "revenue": -1169,
        "sgaExpense": 176,
        "totalOperatingExpense": -11,
        "totalOtherIncomeExpenseNet": 52
      },
      {
        "costOfGoodsSold": 4217,
        "depreciationAmortization": 316,
        "dilutedAverageSharesOutstanding": 453,
        "dilutedEPS": 0.33,
        "ebit": 367,
        "gainLossOnDispositionOfAssets": 124,
        "grossIncome": 996,
        "interestExpense": 133,
        "interestIncomeExpense": -149,
        "minorityInterest": -20,
        "netIncome": 148,
        "netIncomeAfterTaxes": 186,
        "nonRecurringItems": -18,
        "period": "2016-09-30",
        "pretaxIncome": 333,
        "provisionforIncomeTaxes": 147,
        "researchDevelopment": 38,
        "revenue": 5213,
        "sgaExpense": 275,
        "totalOperatingExpense": 629,
        "totalOtherIncomeExpenseNet": 9
      },
      {
        "costOfGoodsSold": 4216,
        "depreciationAmortization": 309,
        "dilutedAverageSharesOutstanding": 438.3,
        "dilutedEPS": 0.27,
        "ebit": 445,
        "gainLossOnDispositionOfAssets": 30,
        "grossIncome": 1079,
        "interestExpense": 129,
        "interestIncomeExpense": -138,
        "minorityInterest": -43,
        "netIncome": 118,
        "netIncomeAfterTaxes": 178,
        "nonRecurringItems": -23,
        "period": "2016-06-30",
        "pretaxIncome": 330,
        "provisionforIncomeTaxes": 152,
        "researchDevelopment": 39,
        "revenue": 5295,
        "sgaExpense": 286,
        "totalOperatingExpense": 634,
        "totalOtherIncomeExpenseNet": 16
      },
      {
        "costOfGoodsSold": 2400,
        "depreciationAmortization": 133,
        "dilutedAverageSharesOutstanding": 438,
        "dilutedEPS": 0,
        "ebit": 298,
        "grossIncome": 655,
        "interestExpense": 121,
        "interestIncomeExpense": -121,
        "minorityInterest": 5,
        "netIncome": -2,
        "netIncomeAfterTaxes": 110,
        "nonRecurringItems": -16,
        "otherOperatingExpensesTotal": -12,
        "period": "2016-03-31",
        "pretaxIncome": 161,
        "provisionforIncomeTaxes": 51,
        "researchDevelopment": 31,
        "revenue": 3055,
        "sgaExpense": 205,
        "totalOperatingExpense": 357
      },
      {
        "costOfGoodsSold": -3561,
        "depreciationAmortization": -450,
        "dilutedAverageSharesOutstanding": 432.9,
        "dilutedEPS": -1.68,
        "ebit": -916,
        "gainLossOnDispositionOfAssets": -27,
        "grossIncome": -1315,
        "interestExpense": 104,
        "interestIncomeExpense": -87,
        "minorityInterest": 188,
        "netIncome": -730,
        "netIncomeAfterTaxes": -736,
        "nonRecurringItems": 221,
        "otherOperatingExpensesTotal": 12,
        "period": "2015-12-31",
        "pretaxIncome": -798,
        "provisionforIncomeTaxes": -62,
        "researchDevelopment": -9,
        "revenue": -4876,
        "sgaExpense": 48,
        "totalOperatingExpense": -399,
        "totalOtherIncomeExpenseNet": 11
      },
      {
        "costOfGoodsSold": 4559,
        "depreciationAmortization": 318,
        "dilutedAverageSharesOutstanding": 431.3,
        "dilutedEPS": 0.06,
        "ebit": 380,
        "gainLossOnDispositionOfAssets": 41,
        "grossIncome": 1014,
        "interestExpense": 123,
        "interestIncomeExpense": -142,
        "minorityInterest": -62,
        "netIncome": 26,
        "netIncomeAfterTaxes": 106,
        "nonRecurringItems": -66,
        "period": "2015-09-30",
        "pretaxIncome": 206,
        "provisionforIncomeTaxes": 100,
        "researchDevelopment": 55,
        "revenue": 5573,
        "sgaExpense": 261,
        "totalOperatingExpense": 634,
        "totalOtherIncomeExpenseNet": -7
      }
    ],
    "symbol": "HWM"
  }
}