{
  "symbol": "IP",
  "statement": "ic",
  "frequency": "quarterly",
  "timestamp": "2025-09-19T14:02:11.462328",
  "data": {
    "financials": [
      {
        "costOfGoodsSold": 4876,
        "depreciationAmortization": 480,
        "dilutedAverageSharesOutstanding": 532.6,
        "dilutedEPS": 0.1408,
        "ebit": 206,
        "equityEarningsAffiliates": -1,
        "gainLossOnDispositionOfAssets": 0,
        "grossIncome": 1891,
        "interestExpense": 143,
        "interestIncomeExpense": -107,
        "netIncome": 75,
        "netIncomeAfterTaxes": 76,
        "nonRecurringItems": 12,
        "period": "2025-06-30",
        "pretaxIncome": 116,
        "provisionforIncomeTaxes": 40,
        "revenue": 6767,
        "sgaExpense": 1205,
        "totalOperatingExpense": 1685,
        "totalOtherIncomeExpenseNet": 5
      },
      {
        "costOfGoodsSold": 4259,
        "depreciationAmortization": 571,
        "dilutedAverageSharesOutstanding": 437.6,
        "dilutedEPS": -0.24,
        "ebit": -35,
        "equityEarningsAffiliates": -1,
        "gainLossOnDispositionOfAssets": 67,
        "grossIncome": 1642,
        "interestExpense": 133,
        "interestIncomeExpense": -81,
        "netIncome": -105,
        "netIncomeAfterTaxes": -104,
        "nonRecurringItems": -83,
        "period": "2025-03-31",
        "pretaxIncome": -135,
        "provisionforIncomeTaxes": -31,
        "revenue": 5901,
        "sgaExpense": 1106,
        "totalOperatingExpense": 1677,
        "totalOtherIncomeExpenseNet": -3
      },
      {
        "costOfGoodsSold": 3250,
        "depreciationAmortization": 499,
        "dilutedAverageSharesOutstanding": 347.5,
        "dilutedEPS": -0.423,
        "ebit": -72,
        "equityEarningsAffiliates": -1,
        "gainLossOnDispositionOfAssets": 58,
        "grossIncome": 1330,
        "interestExpense": 108,
        "interestIncomeExpense": -56,
        "netIncome": -147,
        "netIncomeAfterTaxes": -146,
        "nonRecurringItems": -162,
        "period": "2024-12-31",
        "pretaxIncome": -224,
        "provisionforIncomeTaxes": -78,
        "revenue": 4580,
        "sgaExpense": 903,
        "totalOperatingExpense": 1402,
        "totalOtherIncomeExpenseNet": 8
      },
      {
        "costOfGoodsSold": 3342,
        "depreciationAmortization": 267,
        "dilutedAverageSharesOutstanding": 353.4,
        "dilutedEPS": 0.4245,
        "ebit": 175,
        "equityEarningsAffiliates": -1,
        "grossIncome": 1344,
        "interestExpense": 106,
        "interestIncomeExpense": -51,
        "netIncome": 150,
        "netIncomeAfterTaxes": 151,
        "nonRecurringItems": -56,
        "period": "2024-09-30",
        "pretaxIncome": 80,
        "provisionforIncomeTaxes": -71,
        "revenue": 4686,
        "sgaExpense": 902,
        "totalOperatingExpense": 1169,
        "totalOtherIncomeExpenseNet": 12
      },
      {
        "costOfGoodsSold": 3360,
        "depreciationAmortization": 261,
        "dilutedAverageSharesOutstanding": 352.8,
        "dilutedEPS": 1.41,
        "ebit": 246,
        "equityEarningsAffiliates": -1,
        "gainLossOnDispositionOfAssets": 5,
        "grossIncome": 1374,
        "interestExpense": 107,
        "interestIncomeExpense": -55,
        "netIncome": 498,
        "netIncomeAfterTaxes": 499,
        "nonRecurringItems": 0,
        "period": "2024-06-30",
        "pretaxIncome": 206,
        "provisionforIncomeTaxes": -293,
        "revenue": 4734,
        "sgaExpense": 867,
        "totalOperatingExpense": 1128,
        "totalOtherIncomeExpenseNet": 10
      },
      {
        "costOfGoodsSold": 3424,
        "depreciationAmortization": 278,
        "dilutedAverageSharesOutstanding": 348.5,
        "dilutedEPS": 0.16,
        "ebit": 127,
        "equityEarningsAffiliates": -2,
        "gainLossOnDispositionOfAssets": -5,
        "grossIncome": 1195,
        "interestExpense": 109,
        "interestIncomeExpense": -46,
        "netIncome": 56,
        "netIncomeAfterTaxes": 58,
        "nonRecurringItems": -3,
        "period": "2024-03-31",
        "pretaxIncome": 85,
        "provisionforIncomeTaxes": 27,
        "revenue": 4619,
        "sgaExpense": 790,
        "totalOperatingExpense": 1068,
        "totalOtherIncomeExpenseNet": 12
      },
      {
        "costOfGoodsSold": 3282,
        "depreciationAmortization": 689,
        "dilutedAverageSharesOutstanding": 346,
        "dilutedEPS": -0.82,
        "ebit": -161,
        "equityEarningsAffiliates": -19,
        "grossIncome": 1319,
        "interestExpense": 110,
        "interestIncomeExpense": -52,
        "minorityInterest": 0,
        "netIncome": -284,
        "netIncomeAfterTaxes": -265,
        "nonRecurringItems": -99,
        "period": "2023-12-31",
        "pretaxIncome": -326,
        "provisionforIncomeTaxes": -61,
        "revenue": 4601,
        "sgaExpense": 791,
        "totalOperatingExpense": 1480,
        "totalOtherIncomeExpenseNet": -14
      },
      {
        "costOfGoodsSold": 3345,
        "depreciationAmortization": 258,
        "dilutedAverageSharesOutstanding": 348.1,
        "dilutedEPS": 0.47,
        "ebit": 303,
        "equityEarningsAffiliates": -1,
        "grossIncome": 1268,
        "interestExpense": 105,
        "interestIncomeExpense": -58,
        "netIncome": 165,
        "netIncomeAfterTaxes": 193,
        "nonRecurringItems": 0,
        "period": "2023-09-30",
        "pretaxIncome": 232,
        "provisionforIncomeTaxes": 39,
        "revenue": 4613,
        "sgaExpense": 707,
        "totalOperatingExpense": 965,
        "totalOtherIncomeExpenseNet": -13
      },
      {
        "costOfGoodsSold": 3360,
        "depreciationAmortization": 244,
        "dilutedAverageSharesOutstanding": 346.5,
        "dilutedEPS": 0.67,
        "ebit": 326,
        "equityEarningsAffiliates": 0,
        "grossIncome": 1322,
        "interestExpense": 103,
        "interestIncomeExpense": -59,
        "netIncome": 235,
        "netIncomeAfterTaxes": 222,
        "period": "2023-06-30",
        "pretaxIncome": 255,
        "provisionforIncomeTaxes": 33,
        "revenue": 4682,
        "sgaExpense": 752,
        "totalOperatingExpense": 996,
        "totalOtherIncomeExpenseNet": -12
      },
      {
        "costOfGoodsSold": 3642,
        "depreciationAmortization": 241,
        "dilutedAverageSharesOutstanding": 353.3,
        "dilutedEPS": 0.49,
        "ebit": 298,
        "equityEarningsAffiliates": -1,
        "grossIncome": 1378,
        "interestExpense": 103,
        "interestIncomeExpense": -62,
        "netIncome": 172,
        "netIncomeAfterTaxes": 173,
        "period": "2023-03-31",
        "pretaxIncome": 221,
        "provisionforIncomeTaxes": 48,
        "revenue": 5020,
        "sgaExpense": 839,
        "totalOperatingExpense": 1080,
        "totalOtherIncomeExpenseNet": -15
      },
      {
        "costOfGoodsSold": 3668,
        "depreciationAmortization": 251,
        "dilutedAverageSharesOutstanding": 353.6,
        "dilutedEPS": -0.89,
        "ebit": 415,
        "equityEarningsAffiliates": -255,
        "grossIncome": 1465,
        "interestExpense": 93,
        "interestIncomeExpense": -69,
        "minorityInterest": 0,
        "netIncome": -318,
        "netIncomeAfterTaxes": 174,
        "nonRecurringItems": -72,
        "period": "2022-12-31",
        "pretaxIncome": 322,
        "provisionforIncomeTaxes": 148,
        "revenue": 5133,
        "sgaExpense": 799,
        "totalOperatingExpense": 1050,
        "totalOtherIncomeExpenseNet": 48
      },
      {
        "costOfGoodsSold": 3830,
        "depreciationAmortization": 261,
        "dilutedAverageSharesOutstanding": 360.4,
        "dilutedEPS": 2.63,
        "ebit": 465,
        "equityEarningsAffiliates": -1,
        "grossIncome": 1572,
        "interestExpense": 150,
        "interestIncomeExpense": -107,
        "netIncome": 951,
        "netIncomeAfterTaxes": 888,
        "nonRecurringItems": -93,
        "period": "2022-09-30",
        "pretaxIncome": 313,
        "provisionforIncomeTaxes": -575,
        "revenue": 5402,
        "sgaExpense": 846,
        "totalOperatingExpense": 1107,
        "totalOtherIncomeExpenseNet": 48
      },
      {
        "costOfGoodsSold": 3806,
        "depreciationAmortization": 267,
        "dilutedAverageSharesOutstanding": 370.7,
        "dilutedEPS": 1.37,
        "ebit": 538,
        "equityEarningsAffiliates": -2,
        "grossIncome": 1583,
        "interestExpense": 83,
        "interestIncomeExpense": -71,
        "netIncome": 511,
        "netIncomeAfterTaxes": 418,
        "period": "2022-06-30",
        "pretaxIncome": 514,
        "provisionforIncomeTaxes": 96,
        "revenue": 5389,
        "sgaExpense": 778,
        "totalOperatingExpense": 1045,
        "totalOtherIncomeExpenseNet": 47
      },
      {
        "costOfGoodsSold": 3839,
        "depreciationAmortization": 261,
        "dilutedAverageSharesOutstanding": 373.2,
        "dilutedEPS": 0.96,
        "ebit": 336,
        "equityEarningsAffiliates": 0,
        "grossIncome": 1398,
        "interestExpense": 77,
        "interestIncomeExpense": -23,
        "netIncome": 360,
        "netIncomeAfterTaxes": 267,
        "period": "2022-03-31",
        "pretaxIncome": 362,
        "provisionforIncomeTaxes": 95,
        "revenue": 5237,
        "sgaExpense": 801,
        "totalOperatingExpense": 1062,
        "totalOtherIncomeExpenseNet": 49
      },
      {
        "costOfGoodsSold": 3659,
        "depreciationAmortization": 277,
        "dilutedAverageSharesOutstanding": 384.6,
        "dilutedEPS": 0.27,
        "ebit": 371,
        "equityEarningsAffiliates": -245,
        "grossIncome": 1427,
        "interestExpense": 85,
        "interestIncomeExpense": -108,
        "minorityInterest": 0,
        "netIncome": 107,
        "netIncomeAfterTaxes": 49,
        "nonRecurringItems": -266,
        "period": "2021-12-31",
        "pretaxIncome": 44,
        "provisionforIncomeTaxes": -5,
        "revenue": 5086,
        "sgaExpense": 779,
        "totalOperatingExpense": 1056,
        "totalOtherIncomeExpenseNet": 47
      },
      {
        "costOfGoodsSold": 3423,
        "depreciationAmortization": 280,
        "dilutedAverageSharesOutstanding": 392.6,
        "dilutedEPS": 2.2,
        "ebit": 468,
        "equityEarningsAffiliates": 94,
        "grossIncome": 1491,
        "interestExpense": 104,
        "interestIncomeExpense": -82,
        "netIncome": 864,
        "netIncomeAfterTaxes": 338,
        "nonRecurringItems": -39,
        "period": "2021-09-30",
        "pretaxIncome": 397,
        "provisionforIncomeTaxes": 59,
        "revenue": 4914,
        "sgaExpense": 743,
        "totalOperatingExpense": 1023,
        "totalOtherIncomeExpenseNet": 50
      },
      {
        "costOfGoodsSold": 3402,
        "depreciationAmortization": 272,
        "dilutedAverageSharesOutstanding": 396.8,
        "dilutedEPS": 1.08,
        "ebit": 322,
        "equityEarningsAffiliates": 104,
        "grossIncome": 1368,
        "interestExpense": 117,
        "interestIncomeExpense": 44,
        "minorityInterest": -2,
        "netIncome": 432,
        "netIncomeAfterTaxes": 206,
        "nonRecurringItems": -165,
        "period": "2021-06-30",
        "pretaxIncome": 252,
        "provisionforIncomeTaxes": 46,
        "revenue": 4770,
        "sgaExpense": 774,
        "totalOperatingExpense": 1046,
        "totalOtherIncomeExpenseNet": 51
      },
      {
        "costOfGoodsSold": 3348,
        "depreciationAmortization": 268,
        "dilutedAverageSharesOutstanding": 394.8,
        "dilutedEPS": 0.88,
        "ebit": 305,
        "equityEarningsAffiliates": 49,
        "grossIncome": 1245,
        "interestExpense": 124,
        "interestIncomeExpense": -19,
        "minorityInterest": 0,
        "netIncome": 349,
        "netIncomeAfterTaxes": 218,
        "nonRecurringItems": -32,
        "period": "2021-03-31",
        "pretaxIncome": 306,
        "provisionforIncomeTaxes": 88,
        "revenue": 4593,
        "sgaExpense": 672,
        "totalOperatingExpense": 940,
        "totalOtherIncomeExpenseNet": 52
      },
      {
        "costOfGoodsSold": 1625,
        "depreciationAmortization": 136,
        "dilutedAverageSharesOutstanding": 393.3,
        "dilutedEPS": 0.38,
        "ebit": 75,
        "equityEarningsAffiliates": 16,
        "grossIncome": 599,
        "interestExpense": 130,
        "interestIncomeExpense": -101,
        "minorityInterest": 0,
        "netIncome": 153,
        "netIncomeAfterTaxes": -163,
        "nonRecurringItems": -182,
        "period": "2020-12-31",
        "pretaxIncome": -198,
        "provisionforIncomeTaxes": -35,
        "revenue": 2224,
        "sgaExpense": 388,
        "totalOperatingExpense": 524,
        "totalOtherIncomeExpenseNet": 10
      },
      {
        "costOfGoodsSold": 3541,
        "depreciationAmortization": 320,
        "dilutedAverageSharesOutstanding": 394.6,
        "dilutedEPS": 0.52,
        "ebit": 481,
        "equityEarningsAffiliates": -28,
        "grossIncome": 1582,
        "interestExpense": 148,
        "interestIncomeExpense": -110,
        "minorityInterest": 0,
        "netIncome": 204,
        "netIncomeAfterTaxes": 232,
        "nonRecurringItems": -100,
        "period": "2020-09-30",
        "pretaxIncome": 282,
        "provisionforIncomeTaxes": 50,
        "revenue": 5123,
        "sgaExpense": 781,
        "totalOperatingExpense": 1101,
        "totalOtherIncomeExpenseNet": 11
      },
      {
        "costOfGoodsSold": 3427,
        "depreciationAmortization": 312,
        "dilutedAverageSharesOutstanding": 393.1,
        "dilutedEPS": 0.68,
        "ebit": 389,
        "equityEarningsAffiliates": 72,
        "grossIncome": 1439,
        "interestExpense": 156,
        "interestIncomeExpense": -116,
        "minorityInterest": 0,
        "netIncome": 266,
        "netIncomeAfterTaxes": 194,
        "nonRecurringItems": -26,
        "period": "2020-06-30",
        "pretaxIncome": 261,
        "provisionforIncomeTaxes": 67,
        "revenue": 4866,
        "sgaExpense": 738,
        "totalOperatingExpense": 1050,
        "totalOtherIncomeExpenseNet": 14
      },
      {
        "costOfGoodsSold": 3732,
        "depreciationAmortization": 323,
        "dilutedAverageSharesOutstanding": 392.6,
        "dilutedEPS": -0.36,
        "ebit": 428,
        "equityEarningsAffiliates": -31,
        "grossIncome": 1620,
        "interestExpense": 163,
        "interestIncomeExpense": -98,
        "minorityInterest": 0,
        "netIncome": -141,
        "netIncomeAfterTaxes": -110,
        "nonRecurringItems": -352,
        "period": "2020-03-31",
        "pretaxIncome": -16,
        "provisionforIncomeTaxes": 94,
        "revenue": 5352,
        "sgaExpense": 869,
        "totalOperatingExpense": 1192,
        "totalOtherIncomeExpenseNet": 6
      },
      {
        "costOfGoodsSold": 3669,
        "depreciationAmortization": 343,
        "dilutedAverageSharesOutstanding": 396.4,
        "dilutedEPS": 0.42,
        "ebit": 607,
        "equityEarningsAffiliates": 29,
        "gainLossOnDispositionOfAssets": 0,
        "grossIncome": 1829,
        "interestExpense": 2,
        "interestIncomeExpense": 56,
        "minorityInterest": -1,
        "netIncome": 165,
        "netIncomeAfterTaxes": 138,
        "nonRecurringItems": -88,
        "period": "2019-12-31",
        "pretaxIncome": 400,
        "provisionforIncomeTaxes": 262,
        "revenue": 5498,
        "sgaExpense": 879,
        "totalOperatingExpense": 1222,
        "totalOtherIncomeExpenseNet": -175
      },
      {
        "costOfGoodsSold": 3766,
        "depreciationAmortization": 327,
        "dilutedAverageSharesOutstanding": 395.4,
        "dilutedEPS": 0.87,
        "ebit": 651,
        "equityEarningsAffiliates": 27,
        "grossIncome": 1802,
        "interestExpense": 177,
        "interestIncomeExpense": -129,
        "minorityInterest": 2,
        "netIncome": 344,
        "netIncomeAfterTaxes": 315,
        "nonRecurringItems": -61,
        "period": "2019-09-30",
        "pretaxIncome": 452,
        "provisionforIncomeTaxes": 137,
        "revenue": 5568,
        "sgaExpense": 824,
        "totalOperatingExpense": 1151,
        "totalOtherIncomeExpenseNet": -9
      },
      {
        "costOfGoodsSold": 3902,
        "depreciationAmortization": 321,
        "dilutedAverageSharesOutstanding": 398.2,
        "dilutedEPS": 0.73,
        "ebit": 615,
        "equityEarningsAffiliates": 80,
        "grossIncome": 1765,
        "interestExpense": 177,
        "interestIncomeExpense": -121,
        "minorityInterest": 6,
        "netIncome": 292,
        "netIncomeAfterTaxes": 206,
        "nonRecurringItems": -152,
        "period": "2019-06-30",
        "pretaxIncome": 334,
        "provisionforIncomeTaxes": 128,
        "revenue": 5667,
        "sgaExpense": 829,
        "totalOperatingExpense": 1150,
        "totalOtherIncomeExpenseNet": -8
      },
      {
        "costOfGoodsSold": 3932,
        "depreciationAmortization": 315,
        "dilutedAverageSharesOutstanding": 403.2,
        "dilutedEPS": 1.05,
        "ebit": 551,
        "equityEarningsAffiliates": 114,
        "grossIncome": 1711,
        "interestExpense": 184,
        "interestIncomeExpense": -130,
        "minorityInterest": -2,
        "netIncome": 424,
        "netIncomeAfterTaxes": 312,
        "nonRecurringItems": 7,
        "period": "2019-03-31",
        "pretaxIncome": 418,
        "provisionforIncomeTaxes": 106,
        "revenue": 5643,
        "sgaExpense": 845,
        "totalOperatingExpense": 1160,
        "totalOtherIncomeExpenseNet": -10
      },
      {
        "costOfGoodsSold": 3800,
        "depreciationAmortization": 338,
        "dilutedAverageSharesOutstanding": 407.9,
        "dilutedEPS": 0.77,
        "ebit": 925,
        "equityEarningsAffiliates": 79,
        "grossIncome": 2151,
        "interestExpense": 187,
        "interestIncomeExpense": -133,
        "minorityInterest": -2,
        "netIncome": 316,
        "netIncomeAfterTaxes": 237,
        "nonRecurringItems": 19,
        "period": "2018-12-31",
        "pretaxIncome": 382,
        "provisionforIncomeTaxes": 145,
        "revenue": 5951,
        "sgaExpense": 888,
        "totalOperatingExpense": 1226,
        "totalOtherIncomeExpenseNet": -429
      },
      {
        "costOfGoodsSold": 3889,
        "depreciationAmortization": 335,
        "dilutedAverageSharesOutstanding": 411.4,
        "dilutedEPS": 1.36,
        "ebit": 831,
        "equityEarningsAffiliates": 92,
        "grossIncome": 2012,
        "interestExpense": 184,
        "interestIncomeExpense": -131,
        "minorityInterest": 0,
        "netIncome": 562,
        "netIncomeAfterTaxes": 434,
        "nonRecurringItems": -122,
        "period": "2018-09-30",
        "pretaxIncome": 553,
        "provisionforIncomeTaxes": 119,
        "revenue": 5901,
        "sgaExpense": 846,
        "totalOperatingExpense": 1181,
        "totalOtherIncomeExpenseNet": -25
      },
      {
        "costOfGoodsSold": 3923,
        "depreciationAmortization": 330,
        "dilutedAverageSharesOutstanding": 417.7,
        "dilutedEPS": 0.96,
        "ebit": 684,
        "equityEarningsAffiliates": 70,
        "grossIncome": 1910,
        "interestExpense": 183,
        "interestIncomeExpense": -132,
        "minorityInterest": -2,
        "netIncome": 405,
        "netIncomeAfterTaxes": 360,
        "nonRecurringItems": -26,
        "period": "2018-06-30",
        "pretaxIncome": 490,
        "provisionforIncomeTaxes": 130,
        "revenue": 5833,
        "sgaExpense": 896,
        "totalOperatingExpense": 1226,
        "totalOtherIncomeExpenseNet": -36
      },
      {
        "costOfGoodsSold": 3946,
        "depreciationAmortization": 325,
        "dilutedAverageSharesOutstanding": 418.2,
        "dilutedEPS": 1.74,
        "ebit": 519,
        "equityEarningsAffiliates": 95,
        "grossIncome": 1675,
        "interestExpense": 180,
        "interestIncomeExpense": -134,
        "minorityInterest": -1,
        "netIncome": 729,
        "netIncomeAfterTaxes": 267,
        "nonRecurringItems": -22,
        "period": "2018-03-31",
        "pretaxIncome": 356,
        "provisionforIncomeTaxes": 89,
        "revenue": 5621,
        "sgaExpense": 831,
        "totalOperatingExpense": 1156,
        "totalOtherIncomeExpenseNet": -7
      },
      {
        "costOfGoodsSold": 3702,
        "depreciationAmortization": 339,
        "dilutedAverageSharesOutstanding": 418.6,
        "dilutedEPS": 3.48,
        "ebit": 818,
        "equityEarningsAffiliates": 64,
        "grossIncome": 2009,
        "interestExpense": 187,
        "interestIncomeExpense": -140,
        "minorityInterest": 0,
        "netIncome": 1460,
        "netIncomeAfterTaxes": 184,
        "nonRecurringItems": -83,
        "period": "2017-12-31",
        "pretaxIncome": 197,
        "provisionforIncomeTaxes": 13,
        "revenue": 5711,
        "sgaExpense": 852,
        "totalOperatingExpense": 1191,
        "totalOtherIncomeExpenseNet": -398
      },
      {
        "costOfGoodsSold": 3705,
        "depreciationAmortization": 350,
        "dilutedAverageSharesOutstanding": 417.4,
        "dilutedEPS": 0.94,
        "ebit": 666,
        "equityEarningsAffiliates": 45,
        "grossIncome": 1812,
        "interestExpense": 198,
        "interestIncomeExpense": -160,
        "minorityInterest": 0,
        "netIncome": 395,
        "netIncomeAfterTaxes": 321,
        "nonRecurringItems": 0,
        "period": "2017-09-30",
        "pretaxIncome": 457,
        "provisionforIncomeTaxes": 136,
        "revenue": 5517,
        "sgaExpense": 796,
        "totalOperatingExpense": 1146,
        "totalOtherIncomeExpenseNet": -49
      },
      {
        "costOfGoodsSold": 3749,
        "depreciationAmortization": 334,
        "dilutedAverageSharesOutstanding": 416.4,
        "dilutedEPS": 0.2,
        "ebit": 507,
        "equityEarningsAffiliates": 20,
        "grossIncome": 1634,
        "interestExpense": 186,
        "interestIncomeExpense": -137,
        "minorityInterest": 0,
        "netIncome": 80,
        "netIncomeAfterTaxes": 64,
        "nonRecurringItems": -347,
        "period": "2017-06-30",
        "pretaxIncome": -23,
        "provisionforIncomeTaxes": -87,
        "revenue": 5383,
        "sgaExpense": 793,
        "totalOperatingExpense": 1127,
        "totalOtherIncomeExpenseNet": -46
      },
      {
        "costOfGoodsSold": 3635,
        "depreciationAmortization": 320,
        "dilutedAverageSharesOutstanding": 416,
        "dilutedEPS": 0.5,
        "ebit": 394,
        "equityEarningsAffiliates": 48,
        "grossIncome": 1497,
        "interestExpense": 187,
        "interestIncomeExpense": -145,
        "minorityInterest": 0,
        "netIncome": 209,
        "netIncomeAfterTaxes": 144,
        "nonRecurringItems": 6,
        "period": "2017-03-31",
        "pretaxIncome": 217,
        "provisionforIncomeTaxes": 73,
        "revenue": 5132,
        "sgaExpense": 783,
        "totalOperatingExpense": 1103,
        "totalOtherIncomeExpenseNet": -38
      },
      {
        "costOfGoodsSold": 2712,
        "depreciationAmortization": 225,
        "dilutedAverageSharesOutstanding": 415.9,
        "dilutedEPS": 0.52,
        "ebit": 262,
        "equityEarningsAffiliates": 47,
        "grossIncome": 1085,
        "interestExpense": 182,
        "interestIncomeExpense": -136,
        "minorityInterest": -1,
        "netIncome": 218,
        "netIncomeAfterTaxes": 65,
        "nonRecurringItems": -7,
        "period": "2016-12-31",
        "pretaxIncome": 119,
        "provisionforIncomeTaxes": 54,
        "revenue": 3797,
        "sgaExpense": 598,
        "totalOperatingExpense": 823,
        "totalOtherIncomeExpenseNet": 0
      },
      {
        "costOfGoodsSold": 3622,
        "depreciationAmortization": 314,
        "dilutedAverageSharesOutstanding": 415.3,
        "dilutedEPS": 0.75,
        "ebit": 556,
        "equityEarningsAffiliates": 43,
        "grossIncome": 1644,
        "interestExpense": 181,
        "interestIncomeExpense": -130,
        "minorityInterest": 3,
        "netIncome": 312,
        "netIncomeAfterTaxes": 266,
        "nonRecurringItems": -51,
        "period": "2016-09-30",
        "pretaxIncome": 373,
        "provisionforIncomeTaxes": 107,
        "revenue": 5266,
        "sgaExpense": 774,
        "totalOperatingExpense": 1088,
        "totalOtherIncomeExpenseNet": -2
      },
      {
        "costOfGoodsSold": 4115,
        "depreciationAmortization": 301,
        "dilutedAverageSharesOutstanding": 414.7,
        "dilutedEPS": 0.1,
        "ebit": 140,
        "equityEarningsAffiliates": 45,
        "grossIncome": 1207,
        "interestExpense": 172,
        "interestIncomeExpense": -126,
        "minorityInterest": 0,
        "netIncome": 40,
        "netIncomeAfterTaxes": -5,
        "nonRecurringItems": -28,
        "period": "2016-06-30",
        "pretaxIncome": -14,
        "provisionforIncomeTaxes": -9,
        "revenue": 5322,
        "sgaExpense": 766,
        "totalOperatingExpense": 1067,
        "totalOtherIncomeExpenseNet": 0
      },
      {
        "costOfGoodsSold": 3613,
        "depreciationAmortization": 284,
        "dilutedAverageSharesOutstanding": 414,
        "dilutedEPS": 0.82,
        "ebit": 476,
        "equityEarningsAffiliates": 63,
        "grossIncome": 1497,
        "interestExpense": 160,
        "interestIncomeExpense": -119,
        "minorityInterest": 0,
        "netIncome": 334,
        "netIncomeAfterTaxes": 276,
        "nonRecurringItems": -38,
        "period": "2016-03-31",
        "pretaxIncome": 317,
        "provisionforIncomeTaxes": 41,
        "revenue": 5110,
        "sgaExpense": 737,
        "totalOperatingExpense": 1021,
        "totalOtherIncomeExpenseNet": -2
      },
      {
        "costOfGoodsSold": 2612,
        "depreciationAmortization": 187,
        "dilutedAverageSharesOutstanding": 416.7,
        "dilutedEPS": 0.42,
        "ebit": 420,
        "equityEarningsAffiliates": 33,
        "grossIncome": 1141,
        "interestExpense": 161,
        "interestIncomeExpense": -13,
        "minorityInterest": 0,
        "netIncome": 178,
        "netIncomeAfterTaxes": 60,
        "nonRecurringItems": -158,
        "period": "2015-12-31",
        "pretaxIncome": 131,
        "provisionforIncomeTaxes": 71,
        "revenue": 3753,
        "sgaExpense": 534,
        "totalOperatingExpense": 721,
        "totalOtherIncomeExpenseNet": -118
      },
      {
        "costOfGoodsSold": 3883,
        "depreciationAmortization": 329,
        "dilutedAverageSharesOutstanding": 417.5,
        "dilutedEPS": 0.53,
        "ebit": 689,
        "equityEarningsAffiliates": -13,
        "grossIncome": 1808,
        "interestExpense": 158,
        "interestIncomeExpense": -181,
        "minorityInterest": 10,
        "netIncome": 220,
        "netIncomeAfterTaxes": 223,
        "nonRecurringItems": -211,
        "period": "2015-09-30",
        "pretaxIncome": 329,
        "provisionforIncomeTaxes": 106,
        "revenue": 5691,
        "sgaExpense": 790,
        "totalOperatingExpense": 1119,
        "totalOtherIncomeExpenseNet": 32
      }
    ],
    "symbol": "IP"
  }
}