{
  "symbol": "ALL",
  "statement": "ic",
  "frequency": "annual",
  "timestamp": "2025-09-19T13:55:36.059260",
  "data": {
    "financials": [
      {
        "benefitsClaimsLossAdjustment": 40976,
        "deferredPolicyAcquisitionExpense": 8039,
        "depreciationAmortization": 280,
        "dilutedAverageSharesOutstanding": 267.8,
        "dilutedEPS": 16.9903,
        "ebit": 6222,
        "grossPremiumsEarned": 61239,
        "interestExpense": 400,
        "interestIncomeExpense": -400,
        "minorityInterest": 68,
        "netIncome": 4550,
        "netIncomeAfterTaxes": 4599,
        "nonRecurringItems": -61,
        "otherOperatingExpensesTotal": 8589,
        "period": "2024-12-31",
        "pretaxIncome": 5761,
        "provisionforIncomeTaxes": 1162,
        "revenue": 64106,
        "totalOperatingExpense": 57884,
        "year": 2024
      },
      {
        "benefitsClaimsLossAdjustment": 42141,
        "deferredPolicyAcquisitionExpense": 7278,
        "depreciationAmortization": 329,
        "dilutedAverageSharesOutstanding": 262.5,
        "dilutedEPS": -1.2038,
        "ebit": 200,
        "grossPremiumsEarned": 54916,
        "interestExpense": 379,
        "interestIncomeExpense": -379,
        "minorityInterest": 25,
        "netIncome": -316,
        "netIncomeAfterTaxes": -213,
        "nonRecurringItems": -169,
        "otherOperatingExpensesTotal": 7146,
        "period": "2023-12-31",
        "pretaxIncome": -348,
        "provisionforIncomeTaxes": -135,
        "revenue": 57094,
        "totalOperatingExpense": 56894,
        "year": 2023
      },
      {
        "benefitsClaimsLossAdjustment": 38325,
        "deferredPolicyAcquisitionExpense": 6644,
        "depreciationAmortization": 353,
        "dilutedAverageSharesOutstanding": 271,
        "dilutedEPS": -5.22,
        "ebit": -1472,
        "grossPremiumsEarned": 50081,
        "interestExpense": 335,
        "interestIncomeExpense": -335,
        "minorityInterest": 53,
        "netIncome": -1416,
        "netIncomeAfterTaxes": -1364,
        "nonRecurringItems": -51,
        "otherOperatingExpensesTotal": 7562,
        "period": "2022-12-31",
        "pretaxIncome": -1858,
        "provisionforIncomeTaxes": -494,
        "revenue": 51412,
        "totalOperatingExpense": 52884,
        "year": 2022
      },
      {
        "benefitsClaimsLossAdjustment": 30367,
        "deferredPolicyAcquisitionExpense": 6252,
        "depreciationAmortization": 376,
        "dilutedAverageSharesOutstanding": 299,
        "dilutedEPS": 4.96,
        "ebit": 6999,
        "grossPremiumsEarned": 46211,
        "interestExpense": 330,
        "interestIncomeExpense": -330,
        "minorityInterest": 33,
        "netIncome": 1485,
        "netIncomeAfterTaxes": 5159,
        "nonRecurringItems": -221,
        "otherOperatingExpensesTotal": 6594,
        "period": "2021-12-31",
        "pretaxIncome": 6448,
        "provisionforIncomeTaxes": 1289,
        "revenue": 50588,
        "totalOperatingExpense": 43589,
        "year": 2021
      },
      {
        "benefitsClaimsLossAdjustment": 22550,
        "deferredPolicyAcquisitionExpense": 5477,
        "depreciationAmortization": 118,
        "dilutedAverageSharesOutstanding": 316,
        "dilutedEPS": 17.28,
        "ebit": 8321,
        "grossPremiumsEarned": 39232,
        "interestExpense": 318,
        "interestIncomeExpense": -318,
        "netIncome": 5461,
        "netIncomeAfterTaxes": 5429,
        "nonRecurringItems": -1201,
        "otherOperatingExpensesTotal": 5443,
        "period": "2020-12-31",
        "pretaxIncome": 6802,
        "provisionforIncomeTaxes": 1373,
        "revenue": 41909,
        "totalOperatingExpense": 33588,
        "year": 2020
      },
      {
        "benefitsClaimsLossAdjustment": 24611,
        "deferredPolicyAcquisitionExpense": 5353,
        "depreciationAmortization": 126,
        "dilutedAverageSharesOutstanding": 334,
        "dilutedEPS": 14,
        "ebit": 5915,
        "grossPremiumsEarned": 38275,
        "interestExpense": 327,
        "interestIncomeExpense": -327,
        "netIncome": 4678,
        "netIncomeAfterTaxes": 4327,
        "nonRecurringItems": -145,
        "otherOperatingExpensesTotal": 5536,
        "period": "2019-12-31",
        "pretaxIncome": 5443,
        "provisionforIncomeTaxes": 1116,
        "revenue": 41541,
        "totalOperatingExpense": 35626,
        "year": 2019
      },
      {
        "benefitsClaimsLossAdjustment": 25405,
        "deferredPolicyAcquisitionExpense": 5222,
        "depreciationAmortization": 105,
        "dilutedAverageSharesOutstanding": 353,
        "dilutedEPS": 5.69,
        "ebit": 3034,
        "grossPremiumsEarned": 37452,
        "interestExpense": 332,
        "interestIncomeExpense": -332,
        "netIncome": 2012,
        "netIncomeAfterTaxes": 2131,
        "nonRecurringItems": -74,
        "otherOperatingExpensesTotal": 6062,
        "period": "2018-12-31",
        "pretaxIncome": 2628,
        "provisionforIncomeTaxes": 497,
        "revenue": 39828,
        "totalOperatingExpense": 36794,
        "year": 2018
      },
      {
        "benefitsClaimsLossAdjustment": 24460,
        "deferredPolicyAcquisitionExpense": 4784,
        "depreciationAmortization": 99,
        "dilutedAverageSharesOutstanding": 368,
        "dilutedEPS": 9.34,
        "ebit": 5231,
        "grossPremiumsEarned": 35561,
        "interestExpense": 335,
        "interestIncomeExpense": -335,
        "netIncome": 3438,
        "netIncomeAfterTaxes": 3045,
        "nonRecurringItems": -347,
        "otherOperatingExpensesTotal": 4979,
        "period": "2017-12-31",
        "pretaxIncome": 4549,
        "provisionforIncomeTaxes": 1504,
        "revenue": 39553,
        "totalOperatingExpense": 34322,
        "year": 2017
      },
      {
        "benefitsClaimsLossAdjustment": 24804,
        "deferredPolicyAcquisitionExpense": 4550,
        "dilutedAverageSharesOutstanding": 377,
        "dilutedEPS": 4.67,
        "ebit": 3387,
        "grossPremiumsEarned": 33582,
        "interestExpense": 295,
        "interestIncomeExpense": -295,
        "netIncome": 1761,
        "netIncomeAfterTaxes": 1877,
        "nonRecurringItems": -338,
        "otherOperatingExpensesTotal": 4106,
        "period": "2016-12-31",
        "pretaxIncome": 2754,
        "provisionforIncomeTaxes": 877,
        "revenue": 36847,
        "totalOperatingExpense": 33460,
        "year": 2016
      },
      {
        "benefitsClaimsLossAdjustment": 23598,
        "deferredPolicyAcquisitionExpense": 4364,
        "dilutedAverageSharesOutstanding": 407,
        "dilutedEPS": 5.05,
        "ebit": 4062,
        "grossPremiumsEarned": 32467,
        "interestExpense": 292,
        "interestIncomeExpense": -292,
        "netIncome": 2055,
        "netIncomeAfterTaxes": 2171,
        "nonRecurringItems": -488,
        "otherOperatingExpensesTotal": 4081,
        "period": "2015-12-31",
        "pretaxIncome": 3282,
        "provisionforIncomeTaxes": 1111,
        "revenue": 36105,
        "totalOperatingExpense": 32043,
        "year": 2015
      }
    ],
    "symbol": "ALL"
  }
}