{
  "symbol": "COIN",
  "statement": "ic",
  "frequency": "quarterly",
  "timestamp": "2025-09-19T13:58:16.231911",
  "data": {
    "financials": [
      {
        "costOfGoodsSold": 245.261,
        "depreciationAmortization": 34.585,
        "dilutedAverageSharesOutstanding": 278.913,
        "dilutedEPS": 5.1231,
        "ebit": -33.352,
        "grossIncome": 1251.947,
        "interestExpense": 20.535,
        "interestIncomeExpense": 1840.081,
        "netIncome": 1428.9,
        "netIncomeAfterTaxes": 1428.9,
        "otherOperatingExpensesTotal": 308.025,
        "period": "2025-06-30",
        "pretaxIncome": 1823.773,
        "provisionforIncomeTaxes": 394.873,
        "researchDevelopment": 352.737,
        "revenue": 1497.208,
        "sgaExpense": 589.952,
        "totalOperatingExpense": 1285.299,
        "totalOtherIncomeExpenseNet": 17.044
      },
      {
        "costOfGoodsSold": 303.026,
        "depreciationAmortization": 32.012,
        "dilutedAverageSharesOutstanding": 271.251,
        "dilutedEPS": 0.24,
        "ebit": 740.171,
        "grossIncome": 1731.269,
        "interestExpense": 20.511,
        "interestIncomeExpense": -673.21,
        "netIncome": 65.608,
        "netIncomeAfterTaxes": 65.608,
        "otherOperatingExpensesTotal": -5.899,
        "period": "2025-03-31",
        "pretaxIncome": 82.456,
        "provisionforIncomeTaxes": 16.848,
        "researchDevelopment": 323.356,
        "revenue": 2034.295,
        "sgaExpense": 641.629,
        "totalOperatingExpense": 991.098,
        "totalOtherIncomeExpenseNet": 15.495
      },
      {
        "costOfGoodsSold": 317.042,
        "depreciationAmortization": 43.772,
        "dilutedAverageSharesOutstanding": 276.791,
        "dilutedEPS": 4.66,
        "ebit": 1017.828,
        "grossIncome": 1954.595,
        "interestExpense": 20.537,
        "interestIncomeExpense": 469.442,
        "netIncome": 1289.865,
        "netIncomeAfterTaxes": 1291.176,
        "nonRecurringItems": 0,
        "otherOperatingExpensesTotal": -20.27,
        "period": "2024-12-31",
        "pretaxIncome": 1496.876,
        "provisionforIncomeTaxes": 205.7,
        "researchDevelopment": 324.919,
        "revenue": 2271.637,
        "sgaExpense": 588.346,
        "totalOperatingExpense": 936.767,
        "totalOtherIncomeExpenseNet": 9.606
      },
      {
        "costOfGoodsSold": 171.781,
        "depreciationAmortization": 25.562,
        "dilutedAverageSharesOutstanding": 267.44,
        "dilutedEPS": 0.28,
        "ebit": 169.371,
        "grossIncome": 1033.412,
        "interestExpense": 20.53,
        "interestIncomeExpense": -136.525,
        "netIncome": 75.495,
        "netIncomeAfterTaxes": 75.495,
        "nonRecurringItems": 0,
        "otherOperatingExpensesTotal": -8.556,
        "period": "2024-09-30",
        "pretaxIncome": 68.581,
        "provisionforIncomeTaxes": -6.914,
        "researchDevelopment": 351.878,
        "revenue": 1205.193,
        "sgaExpense": 495.157,
        "totalOperatingExpense": 864.041,
        "totalOtherIncomeExpenseNet": 35.735
      },
      {
        "costOfGoodsSold": 191.477,
        "depreciationAmortization": 29.289,
        "dilutedAverageSharesOutstanding": 266.831,
        "dilutedEPS": 0.14,
        "ebit": 374.133,
        "grossIncome": 1258.151,
        "interestExpense": 20.507,
        "interestIncomeExpense": -370.543,
        "netIncome": 36.15,
        "netIncomeAfterTaxes": 36.15,
        "nonRecurringItems": 0,
        "otherOperatingExpensesTotal": 34.383,
        "period": "2024-06-30",
        "pretaxIncome": -60.237,
        "provisionforIncomeTaxes": -96.387,
        "researchDevelopment": 334.969,
        "revenue": 1449.628,
        "sgaExpense": 485.377,
        "totalOperatingExpense": 884.018,
        "totalOtherIncomeExpenseNet": -63.827
      },
      {
        "costOfGoodsSold": 217.407,
        "depreciationAmortization": 25.85,
        "dilutedAverageSharesOutstanding": 267.945,
        "dilutedEPS": 4.4,
        "ebit": 674.103,
        "grossIncome": 1420.163,
        "interestExpense": 19.071,
        "interestIncomeExpense": 730.902,
        "netIncome": 1175.479,
        "netIncomeAfterTaxes": 1176.245,
        "otherOperatingExpensesTotal": 2.376,
        "period": "2024-03-31",
        "pretaxIncome": 1437.424,
        "provisionforIncomeTaxes": 261.179,
        "researchDevelopment": 332.013,
        "revenue": 1637.57,
        "sgaExpense": 385.821,
        "totalOperatingExpense": 746.06,
        "totalOtherIncomeExpenseNet": 32.419
      },
      {
        "costOfGoodsSold": 125.559,
        "dilutedAverageSharesOutstanding": 314.127,
        "dilutedEPS": 0.87,
        "ebit": 72.515,
        "grossIncome": 828.236,
        "interestExpense": 18.737,
        "interestIncomeExpense": -41.058,
        "netIncome": 273.437,
        "netIncomeAfterTaxes": 273.437,
        "nonRecurringItems": 69.701,
        "otherOperatingExpensesTotal": 45.4,
        "period": "2023-12-31",
        "pretaxIncome": 132.853,
        "provisionforIncomeTaxes": -140.584,
        "researchDevelopment": 323.087,
        "revenue": 953.795,
        "sgaExpense": 387.234,
        "totalOperatingExpense": 755.721,
        "totalOtherIncomeExpenseNet": 31.695
      },
      {
        "costOfGoodsSold": 90.577,
        "dilutedAverageSharesOutstanding": 237.27,
        "dilutedEPS": -0.01,
        "ebit": -85.817,
        "grossIncome": 583.571,
        "interestExpense": 20.821,
        "interestIncomeExpense": 39.597,
        "netIncome": -2.265,
        "netIncomeAfterTaxes": -2.265,
        "nonRecurringItems": 75.271,
        "otherOperatingExpensesTotal": 15.824,
        "period": "2023-09-30",
        "pretaxIncome": 34.661,
        "provisionforIncomeTaxes": 36.926,
        "researchDevelopment": 322.756,
        "revenue": 674.148,
        "sgaExpense": 330.808,
        "totalOperatingExpense": 669.388,
        "totalOtherIncomeExpenseNet": 5.61
      },
      {
        "costOfGoodsSold": 108.2,
        "dilutedAverageSharesOutstanding": 242.852,
        "dilutedEPS": -0.41,
        "ebit": -82.313,
        "grossIncome": 599.711,
        "interestExpense": 21.672,
        "interestIncomeExpense": -42.364,
        "netIncome": -97.405,
        "netIncomeAfterTaxes": -97.405,
        "nonRecurringItems": 26.593,
        "otherOperatingExpensesTotal": 18.516,
        "period": "2023-06-30",
        "pretaxIncome": -78.683,
        "provisionforIncomeTaxes": 18.722,
        "researchDevelopment": 320.667,
        "revenue": 707.911,
        "sgaExpense": 342.841,
        "totalOperatingExpense": 682.024,
        "totalOtherIncomeExpenseNet": 19.401
      },
      {
        "costOfGoodsSold": 96.369,
        "dilutedAverageSharesOutstanding": 231.489,
        "dilutedEPS": -0.34,
        "ebit": 38.226,
        "grossIncome": 676.16,
        "interestExpense": 21.536,
        "interestIncomeExpense": -21.536,
        "netIncome": -78.896,
        "netIncomeAfterTaxes": -78.896,
        "nonRecurringItems": -162.101,
        "otherOperatingExpensesTotal": -32.834,
        "period": "2023-03-31",
        "pretaxIncome": -165.676,
        "provisionforIncomeTaxes": -86.78,
        "researchDevelopment": 358.031,
        "revenue": 772.529,
        "sgaExpense": 312.737,
        "totalOperatingExpense": 637.934,
        "totalOtherIncomeExpenseNet": -20.265
      },
      {
        "costOfGoodsSold": 82.991,
        "dilutedAverageSharesOutstanding": 226.808,
        "dilutedEPS": -2.46,
        "ebit": -532.271,
        "grossIncome": 546.117,
        "interestExpense": 21.6,
        "interestIncomeExpense": -21.6,
        "netIncome": -557.001,
        "netIncomeAfterTaxes": -557.001,
        "nonRecurringItems": -22.601,
        "otherOperatingExpensesTotal": 17.5,
        "period": "2022-12-31",
        "pretaxIncome": -570.878,
        "provisionforIncomeTaxes": -13.877,
        "researchDevelopment": 590.103,
        "revenue": 629.108,
        "sgaExpense": 470.785,
        "totalOperatingExpense": 1078.388,
        "totalOtherIncomeExpenseNet": 5.594
      },
      {
        "costOfGoodsSold": 101.876,
        "dilutedAverageSharesOutstanding": 223.916,
        "dilutedEPS": -2.43,
        "ebit": -556.594,
        "grossIncome": 488.463,
        "interestExpense": 21.507,
        "interestIncomeExpense": -21.507,
        "netIncome": -544.635,
        "netIncomeAfterTaxes": -544.635,
        "nonRecurringItems": 0.11,
        "otherOperatingExpensesTotal": 73.674,
        "period": "2022-09-30",
        "pretaxIncome": -643.69,
        "provisionforIncomeTaxes": -99.055,
        "researchDevelopment": 556.338,
        "revenue": 590.339,
        "sgaExpense": 415.045,
        "totalOperatingExpense": 1045.057,
        "totalOtherIncomeExpenseNet": -65.699
      },
      {
        "costOfGoodsSold": 167.187,
        "dilutedAverageSharesOutstanding": 220.988,
        "dilutedEPS": -4.95,
        "ebit": -618.161,
        "grossIncome": 641.138,
        "interestExpense": 23.656,
        "interestIncomeExpense": -23.656,
        "netIncome": -1093.654,
        "netIncomeAfterTaxes": -1093.654,
        "nonRecurringItems": -426.228,
        "otherOperatingExpensesTotal": 38.987,
        "period": "2022-06-30",
        "pretaxIncome": -1240.569,
        "provisionforIncomeTaxes": -146.915,
        "researchDevelopment": 609.249,
        "revenue": 808.325,
        "sgaExpense": 611.063,
        "totalOperatingExpense": 1259.299,
        "totalOtherIncomeExpenseNet": -172.524
      },
      {
        "costOfGoodsSold": 277.826,
        "dilutedAverageSharesOutstanding": 217.472,
        "dilutedEPS": -1.98,
        "ebit": -343.466,
        "grossIncome": 888.61,
        "interestExpense": 22.138,
        "interestIncomeExpense": -22.138,
        "netIncome": -429.659,
        "netIncomeAfterTaxes": -429.659,
        "nonRecurringItems": -210.997,
        "otherOperatingExpensesTotal": 47.63,
        "period": "2022-03-31",
        "pretaxIncome": -609.445,
        "provisionforIncomeTaxes": -179.786,
        "researchDevelopment": 570.664,
        "revenue": 1166.436,
        "sgaExpense": 613.782,
        "totalOperatingExpense": 1232.076,
        "totalOtherIncomeExpenseNet": -32.844
      },
      {
        "costOfGoodsSold": 501.181,
        "dilutedAverageSharesOutstanding": 252.704,
        "dilutedEPS": 3.75,
        "ebit": 923.124,
        "grossIncome": 1997.282,
        "netIncome": 948.614,
        "netIncomeAfterTaxes": 840.208,
        "nonRecurringItems": -0.8,
        "otherOperatingExpensesTotal": 73.451,
        "period": "2021-12-31",
        "pretaxIncome": 890.54,
        "provisionforIncomeTaxes": 50.332,
        "researchDevelopment": 459.611,
        "revenue": 2498.463,
        "sgaExpense": 541.096,
        "totalOperatingExpense": 1074.158,
        "totalOtherIncomeExpenseNet": -31.784
      },
      {
        "costOfGoodsSold": 197.251,
        "dilutedAverageSharesOutstanding": 250.536,
        "dilutedEPS": 1.61,
        "ebit": 295.308,
        "grossIncome": 1114.657,
        "netIncome": 402.343,
        "netIncomeAfterTaxes": 406.1,
        "nonRecurringItems": -3.5,
        "otherOperatingExpensesTotal": 118.548,
        "period": "2021-09-30",
        "pretaxIncome": 270.86,
        "provisionforIncomeTaxes": -135.24,
        "researchDevelopment": 356.264,
        "revenue": 1311.908,
        "sgaExpense": 344.537,
        "totalOperatingExpense": 819.349,
        "totalOtherIncomeExpenseNet": -20.948
      },
      {
        "costOfGoodsSold": 335.426,
        "dilutedAverageSharesOutstanding": 244.081,
        "dilutedEPS": 7.17,
        "ebit": 874.725,
        "grossIncome": 1892.536,
        "netIncome": 1751.251,
        "netIncomeAfterTaxes": 1606.349,
        "nonRecurringItems": 0,
        "otherOperatingExpensesTotal": 282.422,
        "period": "2021-06-30",
        "pretaxIncome": 868.881,
        "provisionforIncomeTaxes": -737.468,
        "researchDevelopment": 291.461,
        "revenue": 2227.962,
        "sgaExpense": 443.928,
        "totalOperatingExpense": 1017.811,
        "totalOtherIncomeExpenseNet": -5.844
      },
      {
        "costOfGoodsSold": 234.066,
        "dilutedAverageSharesOutstanding": 218.033,
        "dilutedEPS": 0.4,
        "ebit": 991.413,
        "grossIncome": 1567.045,
        "netIncome": 88.196,
        "netIncomeAfterTaxes": 771.463,
        "nonRecurringItems": -3.7,
        "otherOperatingExpensesTotal": 155.887,
        "period": "2021-03-31",
        "pretaxIncome": 996.666,
        "provisionforIncomeTaxes": 225.203,
        "researchDevelopment": 184.225,
        "revenue": 1801.111,
        "sgaExpense": 235.52,
        "totalOperatingExpense": 575.632,
        "totalOtherIncomeExpenseNet": 8.953
      },
      {
        "costOfGoodsSold": 49.946,
        "dilutedAverageSharesOutstanding": 199.2,
        "dilutedEPS": 0.18,
        "ebit": 226.585,
        "grossIncome": 535.166,
        "netIncome": 35.358,
        "netIncomeAfterTaxes": 176.785,
        "nonRecurringItems": 0,
        "otherOperatingExpensesTotal": 97.081,
        "period": "2020-12-31",
        "pretaxIncome": 232.768,
        "provisionforIncomeTaxes": 55.983,
        "researchDevelopment": 90.498,
        "revenue": 585.112,
        "sgaExpense": 121.002,
        "totalOperatingExpense": 308.581,
        "totalOtherIncomeExpenseNet": 6.183
      },
      {
        "costOfGoodsSold": 36.766,
        "dilutedAverageSharesOutstanding": 199.2,
        "dilutedEPS": 0.41,
        "ebit": 101.505,
        "grossIncome": 278.591,
        "netIncome": 81.299,
        "netIncomeAfterTaxes": 81.299,
        "nonRecurringItems": 0,
        "otherOperatingExpensesTotal": 20.357,
        "period": "2020-09-30",
        "pretaxIncome": 102.716,
        "provisionforIncomeTaxes": 21.417,
        "researchDevelopment": 73.319,
        "revenue": 315.357,
        "sgaExpense": 83.41,
        "totalOperatingExpense": 177.086,
        "totalOtherIncomeExpenseNet": 1.211
      },
      {
        "costOfGoodsSold": 23.395,
        "dilutedAverageSharesOutstanding": 199.2,
        "dilutedEPS": 0,
        "ebit": 42.086,
        "grossIncome": 162.987,
        "netIncome": 0,
        "netIncomeAfterTaxes": 32.26,
        "nonRecurringItems": 0,
        "otherOperatingExpensesTotal": -3.247,
        "period": "2020-06-30",
        "pretaxIncome": 38.806,
        "provisionforIncomeTaxes": 6.546,
        "researchDevelopment": 60.777,
        "revenue": 186.382,
        "sgaExpense": 63.371,
        "totalOperatingExpense": 120.901,
        "totalOtherIncomeExpenseNet": -3.28
      },
      {
        "costOfGoodsSold": 25.407,
        "dilutedAverageSharesOutstanding": 199.2,
        "dilutedEPS": 0.05,
        "ebit": 38.775,
        "grossIncome": 165.223,
        "netIncome": 10.814,
        "netIncomeAfterTaxes": 31.973,
        "nonRecurringItems": 0,
        "otherOperatingExpensesTotal": 10.431,
        "period": "2020-03-31",
        "pretaxIncome": 34.909,
        "provisionforIncomeTaxes": 2.936,
        "researchDevelopment": 31.179,
        "revenue": 190.63,
        "sgaExpense": 84.838,
        "totalOperatingExpense": 126.448,
        "totalOtherIncomeExpenseNet": -3.866
      },
      {
        "costOfGoodsSold": 14.227,
        "dilutedAverageSharesOutstanding": 199.2,
        "dilutedEPS": -0.14,
        "ebit": -43.695,
        "grossIncome": 84.044,
        "netIncome": -27.873,
        "netIncomeAfterTaxes": -27.873,
        "nonRecurringItems": 0,
        "otherOperatingExpensesTotal": 4.379,
        "period": "2019-12-31",
        "pretaxIncome": -41.659,
        "provisionforIncomeTaxes": -13.786,
        "researchDevelopment": 43.474,
        "revenue": 98.271,
        "sgaExpense": 79.886,
        "totalOperatingExpense": 127.739,
        "totalOtherIncomeExpenseNet": 2.036
      },
      {
        "costOfGoodsSold": 23.051,
        "dilutedAverageSharesOutstanding": 199.2,
        "dilutedEPS": 0.04,
        "ebit": 14.886,
        "grossIncome": 135.466,
        "netIncome": 8.001,
        "netIncomeAfterTaxes": 8.001,
        "nonRecurringItems": 0,
        "otherOperatingExpensesTotal": 16.705,
        "period": "2019-09-30",
        "pretaxIncome": 11.957,
        "provisionforIncomeTaxes": 3.956,
        "researchDevelopment": 44.751,
        "revenue": 158.517,
        "sgaExpense": 59.124,
        "totalOperatingExpense": 120.58,
        "totalOtherIncomeExpenseNet": -2.929
      },
      {
        "costOfGoodsSold": 29.159,
        "dilutedAverageSharesOutstanding": 199.2,
        "dilutedEPS": 0.19,
        "ebit": 66.167,
        "grossIncome": 181.676,
        "netIncome": 37.998,
        "netIncomeAfterTaxes": 37.998,
        "nonRecurringItems": -10.14,
        "otherOperatingExpensesTotal": 20.761,
        "period": "2019-06-30",
        "pretaxIncome": 56.791,
        "provisionforIncomeTaxes": 18.793,
        "researchDevelopment": 28.234,
        "revenue": 210.835,
        "sgaExpense": 66.514,
        "totalOperatingExpense": 115.509,
        "totalOtherIncomeExpenseNet": 0.764
      },
      {
        "costOfGoodsSold": 15.618,
        "dilutedAverageSharesOutstanding": 199.2,
        "dilutedEPS": -0.24,
        "ebit": -73.001,
        "grossIncome": 50.494,
        "netIncome": -48.513,
        "netIncomeAfterTaxes": -48.513,
        "nonRecurringItems": 0,
        "otherOperatingExpensesTotal": 4.355,
        "period": "2019-03-31",
        "pretaxIncome": -72.505,
        "provisionforIncomeTaxes": -23.992,
        "researchDevelopment": 52.932,
        "revenue": 66.112,
        "sgaExpense": 66.208,
        "totalOperatingExpense": 123.495,
        "totalOtherIncomeExpenseNet": 0.496
      }
    ],
    "symbol": "COIN"
  }
}