{
  "symbol": "ABBV",
  "statement": "ic",
  "frequency": "annual",
  "timestamp": "2025-09-19T14:33:42.408579",
  "data": {
    "financials": [
      {
        "costOfGoodsSold": 16904,
        "dilutedAverageSharesOutstanding": 1773,
        "dilutedEPS": 2.39,
        "ebit": 16497,
        "grossIncome": 39430,
        "interestExpense": 2808,
        "interestIncomeExpense": -2181,
        "minorityInterest": -8,
        "netIncome": 4238,
        "netIncomeAfterTaxes": 4286,
        "nonRecurringItems": -7360,
        "otherOperatingExpensesTotal": -7,
        "period": "2024-12-31",
        "pretaxIncome": 3716,
        "provisionforIncomeTaxes": -570,
        "researchDevelopment": 8291,
        "revenue": 56334,
        "sgaExpense": 14649,
        "totalOperatingExpense": 22933,
        "totalOtherIncomeExpenseNet": -3240,
        "year": 2024
      },
      {
        "costOfGoodsSold": 18226,
        "dilutedAverageSharesOutstanding": 1773,
        "dilutedEPS": 2.72,
        "ebit": 16553,
        "grossIncome": 36092,
        "interestExpense": 2224,
        "interestIncomeExpense": -1830,
        "minorityInterest": -10,
        "netIncome": 4820,
        "netIncomeAfterTaxes": 4873,
        "nonRecurringItems": -3796,
        "otherOperatingExpensesTotal": -179,
        "period": "2023-12-31",
        "pretaxIncome": 6250,
        "provisionforIncomeTaxes": 1377,
        "researchDevelopment": 7038,
        "revenue": 54318,
        "sgaExpense": 12680,
        "totalOperatingExpense": 19539,
        "totalOtherIncomeExpenseNet": -4677,
        "year": 2023
      },
      {
        "costOfGoodsSold": 16527,
        "dilutedAverageSharesOutstanding": 1778,
        "dilutedEPS": 6.63,
        "ebit": 20123,
        "grossIncome": 41527,
        "interestExpense": 2230,
        "interestIncomeExpense": -2192,
        "minorityInterest": -9,
        "netIncome": 11782,
        "netIncomeAfterTaxes": 11845,
        "nonRecurringItems": -2006,
        "otherOperatingExpensesTotal": 56,
        "period": "2022-12-31",
        "pretaxIncome": 13477,
        "provisionforIncomeTaxes": 1632,
        "researchDevelopment": 6487,
        "revenue": 58054,
        "sgaExpense": 14861,
        "totalOperatingExpense": 21404,
        "totalOtherIncomeExpenseNet": -2448,
        "year": 2022
      },
      {
        "costOfGoodsSold": 17314,
        "dilutedAverageSharesOutstanding": 1777,
        "dilutedEPS": 6.45,
        "ebit": 19473,
        "grossIncome": 38883,
        "interestExpense": 2423,
        "interestIncomeExpense": -2435,
        "minorityInterest": -7,
        "netIncome": 11468,
        "netIncomeAfterTaxes": 11549,
        "nonRecurringItems": -1549,
        "otherOperatingExpensesTotal": 432,
        "period": "2021-12-31",
        "pretaxIncome": 12989,
        "provisionforIncomeTaxes": 1440,
        "researchDevelopment": 6982,
        "revenue": 56197,
        "sgaExpense": 11996,
        "totalOperatingExpense": 19410,
        "totalOtherIncomeExpenseNet": -2500,
        "year": 2021
      },
      {
        "costOfGoodsSold": 15257,
        "dilutedAverageSharesOutstanding": 1673,
        "dilutedEPS": 2.72,
        "ebit": 13692,
        "grossIncome": 30547,
        "interestExpense": 2454,
        "interestIncomeExpense": -2351,
        "minorityInterest": -6,
        "netIncome": 4556,
        "netIncomeAfterTaxes": 4622,
        "nonRecurringItems": -2329,
        "otherOperatingExpensesTotal": 0,
        "period": "2020-12-31",
        "pretaxIncome": 3398,
        "provisionforIncomeTaxes": -1224,
        "researchDevelopment": 6181,
        "revenue": 45804,
        "sgaExpense": 10674,
        "totalOperatingExpense": 16855,
        "totalOtherIncomeExpenseNet": -5614,
        "year": 2020
      },
      {
        "costOfGoodsSold": 7606,
        "dilutedAverageSharesOutstanding": 1484,
        "dilutedEPS": 5.28,
        "ebit": 13647,
        "grossIncome": 25660,
        "interestExpense": 1784,
        "interestIncomeExpense": -1384,
        "netIncome": 7842,
        "netIncomeAfterTaxes": 7882,
        "nonRecurringItems": -831,
        "otherOperatingExpensesTotal": -10,
        "period": "2019-12-31",
        "pretaxIncome": 8426,
        "provisionforIncomeTaxes": 544,
        "researchDevelopment": 5407,
        "revenue": 33266,
        "sgaExpense": 6616,
        "totalOperatingExpense": 12013,
        "totalOtherIncomeExpenseNet": -3006,
        "year": 2019
      },
      {
        "costOfGoodsSold": 7557,
        "dilutedAverageSharesOutstanding": 1546,
        "dilutedEPS": 3.65,
        "ebit": 12350,
        "grossIncome": 25196,
        "interestExpense": 1348,
        "interestIncomeExpense": -1329,
        "netIncome": 5657,
        "netIncomeAfterTaxes": 5773,
        "nonRecurringItems": -5806,
        "otherOperatingExpensesTotal": 500,
        "period": "2018-12-31",
        "pretaxIncome": 5197,
        "provisionforIncomeTaxes": -576,
        "researchDevelopment": 5229,
        "revenue": 32753,
        "sgaExpense": 7117,
        "totalOperatingExpense": 12846,
        "totalOtherIncomeExpenseNet": -18,
        "year": 2018
      },
      {
        "costOfGoodsSold": 6804,
        "dilutedAverageSharesOutstanding": 1603,
        "dilutedEPS": 3.29,
        "ebit": 10525,
        "grossIncome": 21412,
        "interestExpense": 1150,
        "interestIncomeExpense": -1324,
        "netIncome": 5283,
        "netIncomeAfterTaxes": 5709,
        "nonRecurringItems": -1051,
        "period": "2017-12-31",
        "pretaxIncome": 7727,
        "provisionforIncomeTaxes": 2018,
        "researchDevelopment": 4982,
        "revenue": 28216,
        "sgaExpense": 5905,
        "totalOperatingExpense": 10887,
        "totalOtherIncomeExpenseNet": -423,
        "year": 2017
      },
      {
        "costOfGoodsSold": 5814,
        "dilutedAverageSharesOutstanding": 1631,
        "dilutedEPS": 3.63,
        "ebit": 9743,
        "grossIncome": 19824,
        "interestExpense": 1047,
        "interestIncomeExpense": -1248,
        "netIncome": 5923,
        "netIncomeAfterTaxes": 5953,
        "nonRecurringItems": -379,
        "otherOperatingExpensesTotal": 0,
        "period": "2016-12-31",
        "pretaxIncome": 7884,
        "provisionforIncomeTaxes": 1931,
        "researchDevelopment": 4226,
        "revenue": 25638,
        "sgaExpense": 5855,
        "totalOperatingExpense": 10081,
        "totalOtherIncomeExpenseNet": -232,
        "year": 2016
      },
      {
        "costOfGoodsSold": 4500,
        "dilutedAverageSharesOutstanding": 1637,
        "dilutedEPS": 3.14,
        "ebit": 8639,
        "grossIncome": 18359,
        "interestExpense": 719,
        "interestIncomeExpense": -879,
        "netIncome": 5144,
        "netIncomeAfterTaxes": 5144,
        "nonRecurringItems": -1102,
        "otherOperatingExpensesTotal": 0,
        "period": "2015-12-31",
        "pretaxIncome": 6645,
        "provisionforIncomeTaxes": 1501,
        "researchDevelopment": 4101,
        "revenue": 22859,
        "sgaExpense": 5619,
        "totalOperatingExpense": 9720,
        "totalOtherIncomeExpenseNet": -13,
        "year": 2015
      }
    ],
    "symbol": "ABBV"
  }
}