{
  "symbol": "LDOS",
  "statement": "ic",
  "frequency": "quarterly",
  "timestamp": "2025-09-19T14:03:07.186850",
  "data": {
    "financials": [
      {
        "costOfGoodsSold": 3471,
        "dilutedAverageSharesOutstanding": 130,
        "dilutedEPS": 3.0077,
        "ebit": 565,
        "grossIncome": 782,
        "interestIncomeExpense": -47,
        "minorityInterest": -2,
        "netIncome": 391,
        "netIncomeAfterTaxes": 393,
        "nonRecurringItems": -2,
        "period": "2025-07-04",
        "pretaxIncome": 518,
        "provisionforIncomeTaxes": 125,
        "revenue": 4253,
        "sgaExpense": 217,
        "totalOperatingExpense": 217,
        "totalOtherIncomeExpenseNet": 2
      },
      {
        "costOfGoodsSold": 3488,
        "dilutedAverageSharesOutstanding": 131,
        "dilutedEPS": 2.771,
        "ebit": 527,
        "grossIncome": 757,
        "interestIncomeExpense": -42,
        "minorityInterest": -2,
        "netIncome": 363,
        "netIncomeAfterTaxes": 365,
        "nonRecurringItems": -4,
        "period": "2025-04-04",
        "pretaxIncome": 478,
        "provisionforIncomeTaxes": 113,
        "revenue": 4245,
        "sgaExpense": 230,
        "totalOperatingExpense": 230,
        "totalOtherIncomeExpenseNet": -3
      },
      {
        "costOfGoodsSold": 3672,
        "dilutedAverageSharesOutstanding": 136,
        "dilutedEPS": 2.0882,
        "ebit": 414,
        "grossIncome": 693,
        "interestIncomeExpense": -33,
        "minorityInterest": 2,
        "netIncome": 284,
        "netIncomeAfterTaxes": 282,
        "nonRecurringItems": -7,
        "period": "2025-01-03",
        "pretaxIncome": 375,
        "provisionforIncomeTaxes": 93,
        "revenue": 4365,
        "sgaExpense": 279,
        "totalOperatingExpense": 279,
        "totalOtherIncomeExpenseNet": 1
      },
      {
        "costOfGoodsSold": 3428,
        "dilutedAverageSharesOutstanding": 136,
        "dilutedEPS": 2.6765,
        "ebit": 515,
        "grossIncome": 762,
        "interestIncomeExpense": -36,
        "minorityInterest": 2,
        "netIncome": 364,
        "netIncomeAfterTaxes": 362,
        "nonRecurringItems": -9,
        "period": "2024-09-27",
        "pretaxIncome": 470,
        "provisionforIncomeTaxes": 108,
        "revenue": 4190,
        "sgaExpense": 247,
        "totalOperatingExpense": 247,
        "totalOtherIncomeExpenseNet": 0
      },
      {
        "costOfGoodsSold": 3427,
        "dilutedAverageSharesOutstanding": 136,
        "dilutedEPS": 2.3676,
        "ebit": 474,
        "grossIncome": 705,
        "interestIncomeExpense": -43,
        "minorityInterest": -2,
        "netIncome": 322,
        "netIncomeAfterTaxes": 324,
        "nonRecurringItems": -7,
        "period": "2024-06-28",
        "pretaxIncome": 426,
        "provisionforIncomeTaxes": 102,
        "revenue": 4132,
        "sgaExpense": 231,
        "totalOperatingExpense": 231,
        "totalOtherIncomeExpenseNet": 2
      },
      {
        "costOfGoodsSold": 3337,
        "dilutedAverageSharesOutstanding": 137,
        "dilutedEPS": 2.073,
        "ebit": 412,
        "grossIncome": 638,
        "interestIncomeExpense": -42,
        "minorityInterest": 1,
        "netIncome": 284,
        "netIncomeAfterTaxes": 283,
        "nonRecurringItems": -4,
        "period": "2024-03-29",
        "pretaxIncome": 368,
        "provisionforIncomeTaxes": 85,
        "revenue": 3975,
        "sgaExpense": 226,
        "totalOperatingExpense": 226,
        "totalOtherIncomeExpenseNet": 2
      },
      {
        "costOfGoodsSold": 3385,
        "dilutedAverageSharesOutstanding": 141,
        "dilutedEPS": 1.6241,
        "ebit": 362,
        "grossIncome": 595,
        "interestIncomeExpense": -40,
        "minorityInterest": -1,
        "netIncome": 229,
        "netIncomeAfterTaxes": 230,
        "nonRecurringItems": -10,
        "period": "2023-12-29",
        "pretaxIncome": 310,
        "provisionforIncomeTaxes": 80,
        "revenue": 3980,
        "sgaExpense": 233,
        "totalOperatingExpense": 233,
        "totalOtherIncomeExpenseNet": -2
      },
      {
        "costOfGoodsSold": 3334,
        "dilutedAverageSharesOutstanding": 137,
        "dilutedEPS": -2.91,
        "ebit": 348,
        "grossIncome": 587,
        "interestIncomeExpense": -45,
        "minorityInterest": -3,
        "netIncome": -399,
        "netIncomeAfterTaxes": -396,
        "nonRecurringItems": -692,
        "period": "2023-09-29",
        "pretaxIncome": -388,
        "provisionforIncomeTaxes": 8,
        "revenue": 3921,
        "sgaExpense": 239,
        "totalOperatingExpense": 239,
        "totalOtherIncomeExpenseNet": 1
      },
      {
        "costOfGoodsSold": 3271,
        "dilutedAverageSharesOutstanding": 138,
        "dilutedEPS": 1.5,
        "ebit": 330,
        "grossIncome": 567,
        "interestIncomeExpense": -49,
        "minorityInterest": -3,
        "netIncome": 207,
        "netIncomeAfterTaxes": 210,
        "nonRecurringItems": -6,
        "period": "2023-06-30",
        "pretaxIncome": 274,
        "provisionforIncomeTaxes": 64,
        "revenue": 3838,
        "sgaExpense": 237,
        "totalOperatingExpense": 237,
        "totalOtherIncomeExpenseNet": -1
      },
      {
        "costOfGoodsSold": 3204,
        "dilutedAverageSharesOutstanding": 138,
        "dilutedEPS": 1.17,
        "ebit": 262,
        "grossIncome": 495,
        "interestIncomeExpense": -48,
        "minorityInterest": -2,
        "netIncome": 162,
        "netIncomeAfterTaxes": 164,
        "nonRecurringItems": -3,
        "period": "2023-03-31",
        "pretaxIncome": 207,
        "provisionforIncomeTaxes": 43,
        "revenue": 3699,
        "sgaExpense": 233,
        "totalOperatingExpense": 233,
        "totalOtherIncomeExpenseNet": -4
      },
      {
        "costOfGoodsSold": 3176,
        "dilutedAverageSharesOutstanding": 138,
        "dilutedEPS": 1.28,
        "ebit": 300,
        "grossIncome": 521,
        "interestIncomeExpense": -44,
        "minorityInterest": -3,
        "netIncome": 177,
        "netIncomeAfterTaxes": 180,
        "nonRecurringItems": -42,
        "period": "2022-12-30",
        "pretaxIncome": 218,
        "provisionforIncomeTaxes": 38,
        "revenue": 3697,
        "sgaExpense": 221,
        "totalOperatingExpense": 221,
        "totalOtherIncomeExpenseNet": 4
      },
      {
        "costOfGoodsSold": 3095,
        "dilutedAverageSharesOutstanding": 138,
        "dilutedEPS": 1.17,
        "ebit": 281,
        "grossIncome": 513,
        "interestIncomeExpense": -46,
        "minorityInterest": -2,
        "netIncome": 162,
        "netIncomeAfterTaxes": 164,
        "nonRecurringItems": -4,
        "period": "2022-09-30",
        "pretaxIncome": 221,
        "provisionforIncomeTaxes": 57,
        "revenue": 3608,
        "sgaExpense": 232,
        "totalOperatingExpense": 232,
        "totalOtherIncomeExpenseNet": -10
      },
      {
        "costOfGoodsSold": 3059,
        "dilutedAverageSharesOutstanding": 138,
        "dilutedEPS": 1.24,
        "ebit": 276,
        "grossIncome": 538,
        "interestIncomeExpense": -47,
        "minorityInterest": -1,
        "netIncome": 171,
        "netIncomeAfterTaxes": 172,
        "nonRecurringItems": -8,
        "period": "2022-07-01",
        "pretaxIncome": 225,
        "provisionforIncomeTaxes": 53,
        "revenue": 3597,
        "sgaExpense": 262,
        "totalOperatingExpense": 262,
        "totalOtherIncomeExpenseNet": 4
      },
      {
        "costOfGoodsSold": 2982,
        "dilutedAverageSharesOutstanding": 140,
        "dilutedEPS": 1.25,
        "ebit": 276,
        "grossIncome": 512,
        "interestIncomeExpense": -50,
        "minorityInterest": -2,
        "netIncome": 175,
        "netIncomeAfterTaxes": 177,
        "nonRecurringItems": -3,
        "period": "2022-04-01",
        "pretaxIncome": 222,
        "provisionforIncomeTaxes": 45,
        "revenue": 3494,
        "sgaExpense": 236,
        "totalOperatingExpense": 236,
        "totalOtherIncomeExpenseNet": -1
      },
      {
        "costOfGoodsSold": 2983,
        "dilutedAverageSharesOutstanding": 143,
        "dilutedEPS": 1.22,
        "ebit": 271,
        "grossIncome": 508,
        "interestIncomeExpense": -40,
        "minorityInterest": -2,
        "netIncome": 174,
        "netIncomeAfterTaxes": 176,
        "nonRecurringItems": -7,
        "period": "2021-12-31",
        "pretaxIncome": 222,
        "provisionforIncomeTaxes": 46,
        "revenue": 3491,
        "sgaExpense": 237,
        "totalOperatingExpense": 237,
        "totalOtherIncomeExpenseNet": -2
      },
      {
        "costOfGoodsSold": 2942,
        "dilutedAverageSharesOutstanding": 143,
        "dilutedEPS": 1.43,
        "ebit": 309,
        "grossIncome": 541,
        "interestIncomeExpense": -42,
        "minorityInterest": -3,
        "netIncome": 205,
        "netIncomeAfterTaxes": 208,
        "nonRecurringItems": -9,
        "period": "2021-10-01",
        "pretaxIncome": 260,
        "provisionforIncomeTaxes": 52,
        "revenue": 3483,
        "sgaExpense": 232,
        "totalOperatingExpense": 232,
        "totalOtherIncomeExpenseNet": 2
      },
      {
        "costOfGoodsSold": 2950,
        "dilutedAverageSharesOutstanding": 143,
        "dilutedEPS": 1.18,
        "ebit": 275,
        "grossIncome": 498,
        "interestIncomeExpense": -42,
        "minorityInterest": -1,
        "netIncome": 169,
        "netIncomeAfterTaxes": 170,
        "nonRecurringItems": -10,
        "period": "2021-07-02",
        "pretaxIncome": 223,
        "provisionforIncomeTaxes": 53,
        "revenue": 3448,
        "sgaExpense": 223,
        "totalOperatingExpense": 223,
        "totalOtherIncomeExpenseNet": 0
      },
      {
        "costOfGoodsSold": 2848,
        "dilutedAverageSharesOutstanding": 144,
        "dilutedEPS": 1.42,
        "ebit": 308,
        "grossIncome": 467,
        "interestIncomeExpense": -40,
        "netIncome": 205,
        "netIncomeAfterTaxes": 205,
        "nonRecurringItems": -5,
        "period": "2021-04-02",
        "pretaxIncome": 262,
        "provisionforIncomeTaxes": 57,
        "revenue": 3315,
        "sgaExpense": 159,
        "totalOperatingExpense": 159,
        "totalOtherIncomeExpenseNet": -1
      },
      {
        "costOfGoodsSold": 2761,
        "dilutedAverageSharesOutstanding": 144,
        "dilutedEPS": 1.37,
        "ebit": 302,
        "grossIncome": 491,
        "interestIncomeExpense": -42,
        "minorityInterest": 0,
        "netIncome": 197,
        "netIncomeAfterTaxes": 197,
        "nonRecurringItems": -7,
        "period": "2021-01-01",
        "pretaxIncome": 245,
        "provisionforIncomeTaxes": 48,
        "revenue": 3252,
        "sgaExpense": 189,
        "totalOperatingExpense": 189,
        "totalOtherIncomeExpenseNet": -8
      },
      {
        "costOfGoodsSold": 2774,
        "dilutedAverageSharesOutstanding": 144,
        "dilutedEPS": 1.13,
        "ebit": 266,
        "grossIncome": 468,
        "interestIncomeExpense": -47,
        "minorityInterest": 0,
        "netIncome": 163,
        "netIncomeAfterTaxes": 163,
        "nonRecurringItems": -5,
        "period": "2020-10-02",
        "pretaxIncome": 214,
        "provisionforIncomeTaxes": 51,
        "revenue": 3242,
        "sgaExpense": 202,
        "totalOperatingExpense": 202,
        "totalOtherIncomeExpenseNet": 0
      },
      {
        "costOfGoodsSold": 2531,
        "dilutedAverageSharesOutstanding": 144,
        "dilutedEPS": 1.06,
        "ebit": 269,
        "grossIncome": 383,
        "interestIncomeExpense": -34,
        "minorityInterest": -1,
        "netIncome": 153,
        "netIncomeAfterTaxes": 154,
        "nonRecurringItems": -27,
        "period": "2020-07-03",
        "pretaxIncome": 192,
        "provisionforIncomeTaxes": 38,
        "revenue": 2914,
        "sgaExpense": 114,
        "totalOperatingExpense": 114,
        "totalOtherIncomeExpenseNet": -16
      },
      {
        "costOfGoodsSold": 2494,
        "dilutedAverageSharesOutstanding": 144,
        "dilutedEPS": 0.8,
        "ebit": 198,
        "grossIncome": 395,
        "interestIncomeExpense": -42,
        "netIncome": 115,
        "netIncomeAfterTaxes": 115,
        "nonRecurringItems": -12,
        "period": "2020-04-03",
        "pretaxIncome": 130,
        "provisionforIncomeTaxes": 15,
        "revenue": 2889,
        "sgaExpense": 197,
        "totalOperatingExpense": 197,
        "totalOtherIncomeExpenseNet": -14
      },
      {
        "costOfGoodsSold": 2527,
        "dilutedAverageSharesOutstanding": 142,
        "dilutedEPS": 1.3,
        "ebit": 261,
        "grossIncome": 427,
        "interestExpense": 1,
        "interestIncomeExpense": -32,
        "minorityInterest": 0,
        "netIncome": 184,
        "netIncomeAfterTaxes": 181,
        "nonRecurringItems": -2,
        "period": "2020-01-03",
        "pretaxIncome": 227,
        "provisionforIncomeTaxes": 46,
        "revenue": 2954,
        "sgaExpense": 166,
        "totalOperatingExpense": 166,
        "totalOtherIncomeExpenseNet": 0
      },
      {
        "costOfGoodsSold": 2450,
        "dilutedAverageSharesOutstanding": 145,
        "dilutedEPS": 1.1,
        "ebit": 243,
        "grossIncome": 385,
        "interestIncomeExpense": -22,
        "minorityInterest": -1,
        "netIncome": 160,
        "netIncomeAfterTaxes": 162,
        "nonRecurringItems": 0,
        "period": "2019-09-27",
        "pretaxIncome": 214,
        "provisionforIncomeTaxes": 52,
        "revenue": 2835,
        "sgaExpense": 142,
        "totalOperatingExpense": 142,
        "totalOtherIncomeExpenseNet": -7
      },
      {
        "costOfGoodsSold": 2348,
        "dilutedAverageSharesOutstanding": 146,
        "dilutedEPS": 0.93,
        "ebit": 205,
        "grossIncome": 380,
        "interestIncomeExpense": -27,
        "minorityInterest": -2,
        "netIncome": 136,
        "netIncomeAfterTaxes": 138,
        "nonRecurringItems": -1,
        "period": "2019-06-28",
        "pretaxIncome": 179,
        "provisionforIncomeTaxes": 41,
        "revenue": 2728,
        "sgaExpense": 175,
        "totalOperatingExpense": 175,
        "totalOtherIncomeExpenseNet": 2
      },
      {
        "costOfGoodsSold": 2221,
        "dilutedAverageSharesOutstanding": 147,
        "dilutedEPS": 1.29,
        "ebit": 190,
        "grossIncome": 356,
        "interestIncomeExpense": -34,
        "netIncome": 189,
        "netIncomeAfterTaxes": 189,
        "nonRecurringItems": -2,
        "period": "2019-03-29",
        "pretaxIncome": 246,
        "provisionforIncomeTaxes": 57,
        "revenue": 2577,
        "sgaExpense": 166,
        "totalOperatingExpense": 166,
        "totalOtherIncomeExpenseNet": 92
      },
      {
        "costOfGoodsSold": 2278,
        "dilutedAverageSharesOutstanding": 150,
        "dilutedEPS": 1.25,
        "ebit": 187,
        "grossIncome": 369,
        "interestIncomeExpense": -28,
        "minorityInterest": 0,
        "netIncome": 188,
        "netIncomeAfterTaxes": 184,
        "nonRecurringItems": -5,
        "period": "2018-12-28",
        "pretaxIncome": 150,
        "provisionforIncomeTaxes": -34,
        "revenue": 2647,
        "sgaExpense": 182,
        "totalOperatingExpense": 182,
        "totalOtherIncomeExpenseNet": -4
      },
      {
        "costOfGoodsSold": 2174,
        "dilutedAverageSharesOutstanding": 153,
        "dilutedEPS": 0.96,
        "ebit": 206,
        "grossIncome": 401,
        "interestIncomeExpense": -31,
        "minorityInterest": 0,
        "netIncome": 147,
        "netIncomeAfterTaxes": 147,
        "nonRecurringItems": -7,
        "period": "2018-09-28",
        "pretaxIncome": 170,
        "provisionforIncomeTaxes": 23,
        "revenue": 2575,
        "sgaExpense": 195,
        "totalOperatingExpense": 195,
        "totalOtherIncomeExpenseNet": 2
      },
      {
        "costOfGoodsSold": 2152,
        "dilutedAverageSharesOutstanding": 154,
        "dilutedEPS": 0.94,
        "ebit": 203,
        "grossIncome": 377,
        "interestIncomeExpense": -31,
        "minorityInterest": -1,
        "netIncome": 144,
        "netIncomeAfterTaxes": 145,
        "nonRecurringItems": -8,
        "period": "2018-06-29",
        "pretaxIncome": 165,
        "provisionforIncomeTaxes": 20,
        "revenue": 2529,
        "sgaExpense": 174,
        "totalOperatingExpense": 174,
        "totalOtherIncomeExpenseNet": 1
      },
      {
        "costOfGoodsSold": 2086,
        "dilutedAverageSharesOutstanding": 154,
        "dilutedEPS": 0.66,
        "ebit": 179,
        "grossIncome": 357,
        "interestIncomeExpense": -30,
        "minorityInterest": 0,
        "netIncome": 102,
        "netIncomeAfterTaxes": 102,
        "nonRecurringItems": -24,
        "period": "2018-03-30",
        "pretaxIncome": 125,
        "provisionforIncomeTaxes": 23,
        "revenue": 2443,
        "sgaExpense": 178,
        "totalOperatingExpense": 178,
        "totalOtherIncomeExpenseNet": 0
      },
      {
        "costOfGoodsSold": 2231,
        "dilutedAverageSharesOutstanding": 157,
        "dilutedEPS": 0.72,
        "ebit": 151,
        "grossIncome": 285,
        "interestExpense": 38,
        "interestIncomeExpense": -27,
        "minorityInterest": 1,
        "netIncome": 114,
        "netIncomeAfterTaxes": -2,
        "nonRecurringItems": -58,
        "period": "2017-12-29",
        "pretaxIncome": 34,
        "provisionforIncomeTaxes": 36,
        "revenue": 2516,
        "sgaExpense": 134,
        "totalOperatingExpense": 134,
        "totalOtherIncomeExpenseNet": -32
      },
      {
        "costOfGoodsSold": 2189,
        "dilutedAverageSharesOutstanding": 154,
        "dilutedEPS": 0.53,
        "ebit": 173,
        "grossIncome": 314,
        "interestExpense": 36,
        "interestIncomeExpense": -30,
        "minorityInterest": 3,
        "netIncome": 82,
        "netIncomeAfterTaxes": 79,
        "nonRecurringItems": -27,
        "period": "2017-09-29",
        "pretaxIncome": 116,
        "provisionforIncomeTaxes": 37,
        "revenue": 2503,
        "sgaExpense": 141,
        "totalOperatingExpense": 141,
        "totalOtherIncomeExpenseNet": 0
      },
      {
        "costOfGoodsSold": 2233,
        "dilutedAverageSharesOutstanding": 153,
        "dilutedEPS": 0.64,
        "ebit": 195,
        "grossIncome": 338,
        "interestExpense": 36,
        "interestIncomeExpense": -41,
        "minorityInterest": 0,
        "netIncome": 98,
        "netIncomeAfterTaxes": 98,
        "nonRecurringItems": -22,
        "period": "2017-06-30",
        "pretaxIncome": 135,
        "provisionforIncomeTaxes": 37,
        "revenue": 2571,
        "sgaExpense": 143,
        "totalOperatingExpense": 143,
        "totalOtherIncomeExpenseNet": 3
      },
      {
        "costOfGoodsSold": 2270,
        "dilutedAverageSharesOutstanding": 153,
        "dilutedEPS": 0.47,
        "ebit": 166,
        "grossIncome": 310,
        "interestExpense": 38,
        "interestIncomeExpense": -29,
        "minorityInterest": -2,
        "netIncome": 72,
        "netIncomeAfterTaxes": 74,
        "nonRecurringItems": -32,
        "period": "2017-03-31",
        "pretaxIncome": 108,
        "provisionforIncomeTaxes": 34,
        "revenue": 2580,
        "sgaExpense": 144,
        "totalOperatingExpense": 144,
        "totalOtherIncomeExpenseNet": 3
      },
      {
        "costOfGoodsSold": 2266,
        "dilutedAverageSharesOutstanding": 155,
        "dilutedEPS": 0.38,
        "ebit": 176,
        "grossIncome": 309,
        "interestExpense": 39,
        "interestIncomeExpense": -27,
        "minorityInterest": -1,
        "netIncome": 59,
        "netIncomeAfterTaxes": 60,
        "nonRecurringItems": -34,
        "period": "2016-12-30",
        "pretaxIncome": 105,
        "provisionforIncomeTaxes": 45,
        "revenue": 2575,
        "sgaExpense": 133,
        "totalOperatingExpense": 133,
        "totalOtherIncomeExpenseNet": -10
      },
      {
        "costOfGoodsSold": 1630,
        "dilutedAverageSharesOutstanding": 114,
        "dilutedEPS": 0.8,
        "ebit": 150,
        "grossIncome": 238,
        "interestExpense": 28,
        "interestIncomeExpense": -25,
        "minorityInterest": -1,
        "netIncome": 91,
        "netIncomeAfterTaxes": 92,
        "nonRecurringItems": -49,
        "period": "2016-09-30",
        "pretaxIncome": 75,
        "provisionforIncomeTaxes": -17,
        "revenue": 1868,
        "sgaExpense": 88,
        "totalOperatingExpense": 88,
        "totalOtherIncomeExpenseNet": -1
      },
      {
        "costOfGoodsSold": 1141,
        "dilutedAverageSharesOutstanding": 74,
        "dilutedEPS": 0.55,
        "ebit": 90,
        "grossIncome": 147,
        "interestExpense": 13,
        "interestIncomeExpense": -13,
        "netIncome": 41,
        "netIncomeAfterTaxes": 41,
        "nonRecurringItems": -15,
        "period": "2016-07-01",
        "pretaxIncome": 60,
        "provisionforIncomeTaxes": 19,
        "revenue": 1288,
        "sgaExpense": 57,
        "totalOperatingExpense": 57,
        "totalOtherIncomeExpenseNet": -2
      },
      {
        "costOfGoodsSold": 1154,
        "dilutedAverageSharesOutstanding": 74,
        "dilutedEPS": 0.72,
        "ebit": 98,
        "grossIncome": 158,
        "interestExpense": 14,
        "interestIncomeExpense": -11,
        "minorityInterest": 0,
        "netIncome": 53,
        "netIncomeAfterTaxes": 53,
        "nonRecurringItems": -9,
        "period": "2016-04-01",
        "pretaxIncome": 78,
        "provisionforIncomeTaxes": 25,
        "revenue": 1312,
        "sgaExpense": 60,
        "totalOperatingExpense": 60,
        "totalOtherIncomeExpenseNet": 0
      },
      {
        "costOfGoodsSold": 802,
        "dilutedAverageSharesOutstanding": 77,
        "dilutedEPS": 1.49,
        "ebit": 88,
        "grossIncome": 105,
        "interestExpense": 11,
        "interestIncomeExpense": -7,
        "netIncome": 115,
        "netIncomeAfterTaxes": 134,
        "nonRecurringItems": 36,
        "period": "2016-01-01",
        "pretaxIncome": 200,
        "provisionforIncomeTaxes": 66,
        "revenue": 907,
        "sgaExpense": 17,
        "totalOperatingExpense": 17,
        "totalOtherIncomeExpenseNet": 83
      },
      {
        "costOfGoodsSold": 1138,
        "dilutedAverageSharesOutstanding": 73,
        "dilutedEPS": 0.67,
        "ebit": 98,
        "grossIncome": 164,
        "interestExpense": 14,
        "interestIncomeExpense": -14,
        "netIncome": 49,
        "netIncomeAfterTaxes": 49,
        "nonRecurringItems": -4,
        "period": "2015-10-02",
        "pretaxIncome": 80,
        "provisionforIncomeTaxes": 31,
        "revenue": 1302,
        "sgaExpense": 66,
        "totalOperatingExpense": 66,
        "totalOtherIncomeExpenseNet": 0
      }
    ],
    "symbol": "LDOS"
  }
}