{
  "symbol": "ESS",
  "statement": "ic",
  "frequency": "quarterly",
  "timestamp": "2025-09-19T14:00:00.417640",
  "data": {
    "financials": [
      {
        "costOfGoodsSold": 135.429,
        "depreciationAmortization": 151.501,
        "dilutedAverageSharesOutstanding": 64.4076,
        "dilutedEPS": 3.4369,
        "ebit": 153.526,
        "gainLossOnDispositionOfAssets": 0,
        "grossIncome": 334.404,
        "interestExpense": 65.262,
        "interestIncomeExpense": -48.406,
        "minorityInterest": -10.164,
        "netIncome": 221.362,
        "netIncomeAfterTaxes": 231.526,
        "nonRecurringItems": 126.174,
        "period": "2025-06-30",
        "pretaxIncome": 231.526,
        "revenue": 469.833,
        "sgaExpense": 29.377,
        "totalOperatingExpense": 180.878,
        "totalOtherIncomeExpenseNet": 0.232
      },
      {
        "costOfGoodsSold": 138.621,
        "depreciationAmortization": 151.287,
        "dilutedAverageSharesOutstanding": 64.3499,
        "dilutedEPS": 3.1563,
        "ebit": 146.051,
        "gainLossOnDispositionOfAssets": 0.33,
        "grossIncome": 325.962,
        "interestExpense": 62.732,
        "interestIncomeExpense": -44.034,
        "minorityInterest": -9.668,
        "netIncome": 203.11,
        "netIncomeAfterTaxes": 212.778,
        "nonRecurringItems": 110.268,
        "period": "2025-03-31",
        "pretaxIncome": 212.778,
        "revenue": 464.583,
        "sgaExpense": 28.624,
        "totalOperatingExpense": 179.911,
        "totalOtherIncomeExpenseNet": 0.163
      },
      {
        "costOfGoodsSold": 133.375,
        "depreciationAmortization": 148.435,
        "dilutedAverageSharesOutstanding": 64.3019,
        "dilutedEPS": 4.0038,
        "ebit": 128.917,
        "gainLossOnDispositionOfAssets": 40.646,
        "grossIncome": 321.094,
        "interestExpense": 61.244,
        "interestIncomeExpense": -43.179,
        "minorityInterest": -44.24,
        "netIncome": 257.453,
        "netIncomeAfterTaxes": 301.693,
        "nonRecurringItems": 175.579,
        "period": "2024-12-31",
        "pretaxIncome": 301.693,
        "revenue": 454.469,
        "sgaExpense": 43.742,
        "totalOperatingExpense": 192.177,
        "totalOtherIncomeExpenseNet": -0.27
      },
      {
        "costOfGoodsSold": 134.252,
        "depreciationAmortization": 146.439,
        "dilutedAverageSharesOutstanding": 64.2715,
        "dilutedEPS": 1.8426,
        "ebit": 128.79,
        "gainLossOnDispositionOfAssets": 31.583,
        "grossIncome": 316.446,
        "interestExpense": 59.232,
        "interestIncomeExpense": -35.327,
        "minorityInterest": -7.063,
        "netIncome": 118.424,
        "netIncomeAfterTaxes": 125.487,
        "nonRecurringItems": 0,
        "period": "2024-09-30",
        "pretaxIncome": 125.487,
        "revenue": 450.698,
        "sgaExpense": 41.217,
        "totalOperatingExpense": 187.656,
        "totalOtherIncomeExpenseNet": 0.441
      },
      {
        "costOfGoodsSold": 126,
        "depreciationAmortization": 146,
        "dilutedAverageSharesOutstanding": 64,
        "dilutedEPS": 1.45,
        "ebit": 137,
        "gainLossOnDispositionOfAssets": 0,
        "grossIncome": 316.322,
        "interestExpense": 59.12,
        "interestIncomeExpense": -39.271,
        "minorityInterest": -6.07,
        "netIncome": 93,
        "netIncomeAfterTaxes": 99,
        "nonRecurringItems": 0,
        "period": "2024-06-30",
        "pretaxIncome": 99,
        "revenue": 442.355,
        "sgaExpense": 33,
        "totalOperatingExpense": 179,
        "totalOtherIncomeExpenseNet": 0.81
      },
      {
        "costOfGoodsSold": 126,
        "depreciationAmortization": 140,
        "dilutedAverageSharesOutstanding": 64,
        "dilutedEPS": 4.25,
        "ebit": 133,
        "gainLossOnDispositionOfAssets": 138.326,
        "grossIncome": 301.062,
        "interestExpense": 55.933,
        "interestIncomeExpense": 14.504,
        "minorityInterest": -12,
        "netIncome": 273,
        "netIncomeAfterTaxes": 285,
        "nonRecurringItems": 42,
        "period": "2024-03-31",
        "pretaxIncome": 285,
        "revenue": 426.928,
        "sgaExpense": 29,
        "totalOperatingExpense": 168,
        "totalOtherIncomeExpenseNet": -42.83
      },
      {
        "costOfGoodsSold": 121.947,
        "depreciationAmortization": 138.016,
        "dilutedAverageSharesOutstanding": 64.1877,
        "dilutedEPS": 1.0188,
        "ebit": 130.561,
        "gainLossOnDispositionOfAssets": 0,
        "grossIncome": 299.801,
        "interestExpense": 55.099,
        "interestIncomeExpense": -60.532,
        "minorityInterest": -4.958,
        "netIncome": 65.391,
        "netIncomeAfterTaxes": 70.349,
        "nonRecurringItems": -0.22,
        "period": "2023-12-31",
        "pretaxIncome": 70.349,
        "revenue": 421.748,
        "sgaExpense": 31.224,
        "totalOperatingExpense": 169.24,
        "totalOtherIncomeExpenseNet": 0.54
      },
      {
        "costOfGoodsSold": 123.896,
        "depreciationAmortization": 137.357,
        "dilutedAverageSharesOutstanding": 64.186,
        "dilutedEPS": 1.3598,
        "ebit": 131.815,
        "gainLossOnDispositionOfAssets": 0,
        "grossIncome": 295.287,
        "interestExpense": 54.161,
        "interestIncomeExpense": -38.371,
        "minorityInterest": -5.727,
        "netIncome": 87.282,
        "netIncomeAfterTaxes": 93.009,
        "nonRecurringItems": -0.031,
        "period": "2023-09-30",
        "pretaxIncome": 93.009,
        "revenue": 419.183,
        "sgaExpense": 26.115,
        "totalOperatingExpense": 163.472,
        "totalOtherIncomeExpenseNet": -0.404
      },
      {
        "costOfGoodsSold": 119.224,
        "depreciationAmortization": 136.718,
        "dilutedAverageSharesOutstanding": 64.1837,
        "dilutedEPS": 1.5521,
        "ebit": 134.837,
        "grossIncome": 296.819,
        "interestExpense": 52.6,
        "interestIncomeExpense": -27.343,
        "minorityInterest": -6.136,
        "netIncome": 99.62,
        "netIncomeAfterTaxes": 105.756,
        "nonRecurringItems": -0.005,
        "period": "2023-06-30",
        "pretaxIncome": 105.756,
        "revenue": 416.043,
        "sgaExpense": 25.264,
        "totalOperatingExpense": 161.982,
        "totalOtherIncomeExpenseNet": -1.733
      },
      {
        "costOfGoodsSold": 120.412,
        "depreciationAmortization": 136.347,
        "dilutedAverageSharesOutstanding": 64.4597,
        "dilutedEPS": 2.3818,
        "ebit": 128.919,
        "grossIncome": 292.009,
        "interestExpense": 51.045,
        "interestIncomeExpense": -26.691,
        "minorityInterest": -8.062,
        "netIncome": 153.532,
        "netIncomeAfterTaxes": 161.594,
        "nonRecurringItems": 58.466,
        "period": "2023-03-31",
        "pretaxIncome": 161.594,
        "revenue": 412.421,
        "sgaExpense": 26.743,
        "totalOperatingExpense": 163.09,
        "totalOtherIncomeExpenseNet": 0.9
      },
      {
        "costOfGoodsSold": 117.606,
        "depreciationAmortization": 135.758,
        "dilutedAverageSharesOutstanding": 64.7235,
        "dilutedEPS": 2.8609,
        "ebit": 135.611,
        "gainLossOnDispositionOfAssets": 0,
        "grossIncome": 297.577,
        "interestExpense": 52.299,
        "interestIncomeExpense": -36.296,
        "minorityInterest": -9.055,
        "netIncome": 185.165,
        "netIncomeAfterTaxes": 194.22,
        "nonRecurringItems": 92.532,
        "period": "2022-12-31",
        "pretaxIncome": 194.22,
        "revenue": 415.183,
        "sgaExpense": 26.208,
        "totalOperatingExpense": 161.966,
        "totalOtherIncomeExpenseNet": 2.373
      },
      {
        "costOfGoodsSold": 120.043,
        "depreciationAmortization": 135.511,
        "dilutedAverageSharesOutstanding": 65.0678,
        "dilutedEPS": 1.4269,
        "ebit": 128.838,
        "gainLossOnDispositionOfAssets": 17.423,
        "grossIncome": 289.705,
        "interestExpense": 51.645,
        "interestIncomeExpense": -45.574,
        "minorityInterest": -5.858,
        "netIncome": 92.842,
        "netIncomeAfterTaxes": 98.7,
        "nonRecurringItems": -0.232,
        "period": "2022-09-30",
        "pretaxIncome": 98.7,
        "revenue": 409.748,
        "sgaExpense": 25.356,
        "totalOperatingExpense": 160.867,
        "totalOtherIncomeExpenseNet": -1.755
      },
      {
        "costOfGoodsSold": 113.52,
        "depreciationAmortization": 134.517,
        "dilutedAverageSharesOutstanding": 65.2896,
        "dilutedEPS": 0.8739,
        "ebit": 128.638,
        "gainLossOnDispositionOfAssets": 0,
        "grossIncome": 286.458,
        "interestExpense": 50.477,
        "interestIncomeExpense": -73.802,
        "minorityInterest": -4.636,
        "netIncome": 57.054,
        "netIncomeAfterTaxes": 61.69,
        "nonRecurringItems": -0.01,
        "period": "2022-06-30",
        "pretaxIncome": 61.69,
        "revenue": 399.978,
        "sgaExpense": 23.303,
        "totalOperatingExpense": 157.82,
        "totalOtherIncomeExpenseNet": 6.864
      },
      {
        "costOfGoodsSold": 116.1,
        "depreciationAmortization": 133.533,
        "dilutedAverageSharesOutstanding": 65.3394,
        "dilutedEPS": 1.1211,
        "ebit": 109.858,
        "grossIncome": 265.805,
        "interestExpense": 50.377,
        "interestIncomeExpense": -34.229,
        "minorityInterest": -5.121,
        "netIncome": 73.254,
        "netIncomeAfterTaxes": 78.375,
        "nonRecurringItems": -0.008,
        "period": "2022-03-31",
        "pretaxIncome": 78.375,
        "revenue": 381.905,
        "sgaExpense": 22.414,
        "totalOperatingExpense": 155.947,
        "totalOtherIncomeExpenseNet": 2.754
      },
      {
        "costOfGoodsSold": 111.956,
        "depreciationAmortization": 132.179,
        "dilutedAverageSharesOutstanding": 65.1654,
        "dilutedEPS": 2.1004,
        "ebit": 101.301,
        "gainLossOnDispositionOfAssets": 0,
        "grossIncome": 259.64,
        "interestExpense": 50.486,
        "interestIncomeExpense": 53.168,
        "minorityInterest": -7.251,
        "netIncome": 136.874,
        "netIncomeAfterTaxes": 144.125,
        "nonRecurringItems": -0.067,
        "period": "2021-12-31",
        "pretaxIncome": 144.125,
        "revenue": 371.596,
        "sgaExpense": 26.16,
        "totalOperatingExpense": 158.339,
        "totalOtherIncomeExpenseNet": -10.277
      },
      {
        "costOfGoodsSold": 115.331,
        "depreciationAmortization": 130.564,
        "dilutedAverageSharesOutstanding": 65.1478,
        "dilutedEPS": 1.8173,
        "ebit": 95.182,
        "gainLossOnDispositionOfAssets": 0,
        "grossIncome": 247.526,
        "interestExpense": 50.019,
        "interestIncomeExpense": -9.928,
        "minorityInterest": -6.612,
        "netIncome": 118.39,
        "netIncomeAfterTaxes": 125.002,
        "nonRecurringItems": 42.789,
        "period": "2021-09-30",
        "pretaxIncome": 125.002,
        "revenue": 362.857,
        "sgaExpense": 21.78,
        "totalOperatingExpense": 152.344,
        "totalOtherIncomeExpenseNet": -3.041
      },
      {
        "costOfGoodsSold": 107.493,
        "depreciationAmortization": 128.736,
        "dilutedAverageSharesOutstanding": 65.0808,
        "dilutedEPS": 0.9964,
        "ebit": 93.422,
        "gainLossOnDispositionOfAssets": 2.26,
        "grossIncome": 243.485,
        "interestExpense": 50.971,
        "interestIncomeExpense": -7.719,
        "minorityInterest": -4.769,
        "netIncome": 64.846,
        "netIncomeAfterTaxes": 69.615,
        "nonRecurringItems": -16.506,
        "period": "2021-06-30",
        "pretaxIncome": 69.615,
        "revenue": 350.978,
        "sgaExpense": 21.327,
        "totalOperatingExpense": 150.063,
        "totalOtherIncomeExpenseNet": -1.842
      },
      {
        "costOfGoodsSold": 110.5,
        "depreciationAmortization": 128.6,
        "dilutedAverageSharesOutstanding": 65.1,
        "dilutedEPS": 2.59,
        "ebit": 97.3,
        "gainLossOnDispositionOfAssets": 0,
        "grossIncome": 244.6,
        "interestExpense": 51.649,
        "interestIncomeExpense": -17.4,
        "minorityInterest": -8.5,
        "netIncome": 168.4,
        "netIncomeAfterTaxes": 176.9,
        "nonRecurringItems": 97.6,
        "period": "2021-03-31",
        "pretaxIncome": 176.9,
        "revenue": 355.1,
        "sgaExpense": 18.8,
        "totalOperatingExpense": 147.4,
        "totalOtherIncomeExpenseNet": -0.5
      },
      {
        "costOfGoodsSold": 110.7,
        "depreciationAmortization": 130.1,
        "dilutedAverageSharesOutstanding": 65.2,
        "dilutedEPS": 1.47,
        "ebit": 89.6,
        "gainLossOnDispositionOfAssets": 0,
        "grossIncome": 251.3,
        "interestExpense": 55.609,
        "interestIncomeExpense": -11.3,
        "minorityInterest": -5.9,
        "netIncome": 95.7,
        "netIncomeAfterTaxes": 101.6,
        "nonRecurringItems": 23.3,
        "period": "2020-12-31",
        "pretaxIncome": 101.6,
        "revenue": 362.1,
        "sgaExpense": 31.7,
        "totalOperatingExpense": 161.8,
        "totalOtherIncomeExpenseNet": 0.1
      },
      {
        "costOfGoodsSold": 112.4,
        "depreciationAmortization": 130.2,
        "dilutedAverageSharesOutstanding": 65.2,
        "dilutedEPS": 1.13,
        "ebit": 106.3,
        "gainLossOnDispositionOfAssets": 0,
        "grossIncome": 258.4,
        "interestExpense": 55.43,
        "interestIncomeExpense": -31,
        "minorityInterest": -5.2,
        "netIncome": 73.7,
        "netIncomeAfterTaxes": 78.8,
        "nonRecurringItems": 3.5,
        "period": "2020-09-30",
        "pretaxIncome": 78.8,
        "revenue": 370.8,
        "sgaExpense": 21.9,
        "totalOperatingExpense": 152.1,
        "totalOtherIncomeExpenseNet": 0
      },
      {
        "costOfGoodsSold": 110.1,
        "depreciationAmortization": 133.6,
        "dilutedAverageSharesOutstanding": 65.4,
        "dilutedEPS": 1.29,
        "ebit": 103.1,
        "gainLossOnDispositionOfAssets": 0,
        "grossIncome": 260.4,
        "interestExpense": 54.447,
        "interestIncomeExpense": -23,
        "minorityInterest": -5.6,
        "netIncome": 84.5,
        "netIncomeAfterTaxes": 90.1,
        "nonRecurringItems": 11.6,
        "period": "2020-06-30",
        "pretaxIncome": 90.1,
        "revenue": 370.5,
        "sgaExpense": 23.6,
        "totalOperatingExpense": 157.3,
        "totalOtherIncomeExpenseNet": -1.6
      },
      {
        "costOfGoodsSold": 107.1,
        "depreciationAmortization": 131.6,
        "dilutedAverageSharesOutstanding": 66.2,
        "dilutedEPS": 4.76,
        "ebit": 131,
        "gainLossOnDispositionOfAssets": 234.7,
        "grossIncome": 285.2,
        "interestExpense": 55.147,
        "interestIncomeExpense": -37.1,
        "minorityInterest": -13.8,
        "netIncome": 315,
        "netIncomeAfterTaxes": 328.8,
        "nonRecurringItems": 0.2,
        "period": "2020-03-31",
        "pretaxIncome": 328.8,
        "revenue": 392.4,
        "sgaExpense": 22.7,
        "totalOperatingExpense": 154.3
      },
      {
        "costOfGoodsSold": 101.5,
        "depreciationAmortization": 122.9,
        "dilutedAverageSharesOutstanding": 66.2,
        "dilutedEPS": 1.95,
        "ebit": 127.2,
        "gainLossOnDispositionOfAssets": 0,
        "grossIncome": 273.9,
        "interestExpense": 54.688,
        "interestIncomeExpense": 21.8,
        "minorityInterest": -6.4,
        "netIncome": 128.8,
        "netIncomeAfterTaxes": 135.2,
        "nonRecurringItems": -13.8,
        "period": "2019-12-31",
        "pretaxIncome": 135.2,
        "revenue": 375.4,
        "sgaExpense": 23.8,
        "totalOperatingExpense": 146.7,
        "totalOtherIncomeExpenseNet": 0
      },
      {
        "costOfGoodsSold": 102.5,
        "depreciationAmortization": 120.8,
        "dilutedAverageSharesOutstanding": 66,
        "dilutedEPS": 1.51,
        "ebit": 124,
        "gainLossOnDispositionOfAssets": 0,
        "grossIncome": 264.5,
        "interestExpense": 54.896,
        "interestIncomeExpense": -22.4,
        "minorityInterest": -6.4,
        "netIncome": 99.3,
        "netIncomeAfterTaxes": 105.7,
        "nonRecurringItems": 5.5,
        "period": "2019-09-30",
        "pretaxIncome": 105.7,
        "revenue": 366.9,
        "sgaExpense": 19.6,
        "totalOperatingExpense": 140.4,
        "totalOtherIncomeExpenseNet": -1.5
      },
      {
        "costOfGoodsSold": 95.4,
        "depreciationAmortization": 119.5,
        "dilutedAverageSharesOutstanding": 65.8,
        "dilutedEPS": 1.4,
        "ebit": 124.6,
        "gainLossOnDispositionOfAssets": 0,
        "grossIncome": 266.2,
        "interestExpense": 54.112,
        "interestIncomeExpense": -26.8,
        "minorityInterest": -5.8,
        "netIncome": 92.3,
        "netIncomeAfterTaxes": 98.1,
        "nonRecurringItems": 0.3,
        "period": "2019-06-30",
        "pretaxIncome": 98.1,
        "revenue": 361.6,
        "sgaExpense": 22.1,
        "totalOperatingExpense": 141.6
      },
      {
        "costOfGoodsSold": 98.3,
        "depreciationAmortization": 120.6,
        "dilutedAverageSharesOutstanding": 65.8,
        "dilutedEPS": 1.81,
        "ebit": 115.7,
        "gainLossOnDispositionOfAssets": 31.5,
        "grossIncome": 257.9,
        "interestExpense": 53.643,
        "interestIncomeExpense": -23.1,
        "minorityInterest": -6.6,
        "netIncome": 118.9,
        "netIncomeAfterTaxes": 125.5,
        "nonRecurringItems": 1.3,
        "period": "2019-03-31",
        "pretaxIncome": 125.5,
        "revenue": 356.2,
        "sgaExpense": 21.6,
        "totalOperatingExpense": 142.2
      },
      {
        "costOfGoodsSold": 98.5,
        "depreciationAmortization": 120.6,
        "dilutedAverageSharesOutstanding": 66.1,
        "dilutedEPS": 1.78,
        "ebit": 109.4,
        "gainLossOnDispositionOfAssets": 40.9,
        "grossIncome": 254.7,
        "interestExpense": 54.157,
        "interestIncomeExpense": -25.8,
        "minorityInterest": -6.6,
        "netIncome": 117.8,
        "netIncomeAfterTaxes": 124.4,
        "nonRecurringItems": 0,
        "period": "2018-12-31",
        "pretaxIncome": 124.4,
        "provisionforIncomeTaxes": 0,
        "revenue": 353.2,
        "sgaExpense": 24.7,
        "totalOperatingExpense": 145.2
      },
      {
        "costOfGoodsSold": 97.8,
        "depreciationAmortization": 120.9,
        "dilutedAverageSharesOutstanding": 66.1,
        "dilutedEPS": 1.22,
        "ebit": 113.9,
        "gainLossOnDispositionOfAssets": 0,
        "grossIncome": 253.1,
        "interestExpense": 55.196,
        "interestIncomeExpense": -27.8,
        "minorityInterest": -5.1,
        "netIncome": 81,
        "netIncomeAfterTaxes": 86.1,
        "nonRecurringItems": 0,
        "period": "2018-09-30",
        "pretaxIncome": 86.1,
        "revenue": 350.9,
        "sgaExpense": 18.4,
        "totalOperatingExpense": 139.2
      },
      {
        "costOfGoodsSold": 94.1,
        "depreciationAmortization": 119.3,
        "dilutedAverageSharesOutstanding": 66.1,
        "dilutedEPS": 1.52,
        "ebit": 116.4,
        "gainLossOnDispositionOfAssets": 22.2,
        "grossIncome": 254.6,
        "interestExpense": 56.278,
        "interestIncomeExpense": -32.1,
        "minorityInterest": -6,
        "netIncome": 100.4,
        "netIncomeAfterTaxes": 106.4,
        "nonRecurringItems": -0.1,
        "period": "2018-06-30",
        "pretaxIncome": 106.4,
        "revenue": 348.7,
        "sgaExpense": 18.9,
        "totalOperatingExpense": 138.3
      },
      {
        "costOfGoodsSold": 95,
        "depreciationAmortization": 119.1,
        "dilutedAverageSharesOutstanding": 66.1,
        "dilutedEPS": 1.38,
        "ebit": 110.6,
        "gainLossOnDispositionOfAssets": 0,
        "grossIncome": 252.3,
        "interestExpense": 54.861,
        "interestIncomeExpense": -13.9,
        "minorityInterest": -5.7,
        "netIncome": 90.9,
        "netIncomeAfterTaxes": 96.6,
        "nonRecurringItems": -0.1,
        "period": "2018-03-31",
        "pretaxIncome": 96.6,
        "revenue": 347.3,
        "sgaExpense": 22.6,
        "totalOperatingExpense": 141.6
      },
      {
        "costOfGoodsSold": 103.6,
        "depreciationAmortization": 118,
        "dilutedAverageSharesOutstanding": 66.1,
        "dilutedEPS": 1.55,
        "ebit": 112.8,
        "gainLossOnDispositionOfAssets": 0,
        "grossIncome": 241.4,
        "interestExpense": 55.561,
        "interestIncomeExpense": -0.9,
        "minorityInterest": -6,
        "netIncome": 103.6,
        "netIncomeAfterTaxes": 108.2,
        "nonRecurringItems": -2.2,
        "period": "2017-12-31",
        "pretaxIncome": 109.7,
        "provisionforIncomeTaxes": 1.5,
        "revenue": 345.1,
        "sgaExpense": 10.7,
        "totalOperatingExpense": 128.7
      },
      {
        "costOfGoodsSold": 104.1,
        "depreciationAmortization": 117.5,
        "dilutedAverageSharesOutstanding": 66.1,
        "dilutedEPS": 1.21,
        "ebit": 113,
        "gainLossOnDispositionOfAssets": 0.2,
        "grossIncome": 240.2,
        "interestExpense": 55.938,
        "interestIncomeExpense": -27.9,
        "minorityInterest": -5.3,
        "netIncome": 79.7,
        "netIncomeAfterTaxes": 85,
        "nonRecurringItems": -0.3,
        "period": "2017-09-30",
        "pretaxIncome": 85,
        "provisionforIncomeTaxes": 0,
        "revenue": 344.4,
        "sgaExpense": 9.8,
        "totalOperatingExpense": 127.3
      },
      {
        "costOfGoodsSold": 98.3,
        "depreciationAmortization": 117.9,
        "dilutedAverageSharesOutstanding": 65.8,
        "dilutedEPS": 1.08,
        "ebit": 112.5,
        "gainLossOnDispositionOfAssets": 2.2,
        "grossIncome": 240.8,
        "interestExpense": 56.812,
        "interestIncomeExpense": -38.6,
        "minorityInterest": -5,
        "netIncome": 70.8,
        "netIncomeAfterTaxes": 75.8,
        "nonRecurringItems": -0.3,
        "period": "2017-06-30",
        "pretaxIncome": 75.8,
        "provisionforIncomeTaxes": 0,
        "revenue": 339.1,
        "sgaExpense": 10.3,
        "totalOperatingExpense": 128.2
      },
      {
        "costOfGoodsSold": 99.5,
        "depreciationAmortization": 115.5,
        "dilutedAverageSharesOutstanding": 65.9,
        "dilutedEPS": 2.72,
        "ebit": 109.8,
        "gainLossOnDispositionOfAssets": 112.7,
        "grossIncome": 235.9,
        "interestExpense": 54.583,
        "interestIncomeExpense": -34.3,
        "minorityInterest": -8.6,
        "netIncome": 179,
        "netIncomeAfterTaxes": 187.6,
        "nonRecurringItems": -0.6,
        "period": "2017-03-31",
        "pretaxIncome": 187.6,
        "provisionforIncomeTaxes": 0,
        "revenue": 335.4,
        "sgaExpense": 10.6,
        "totalOperatingExpense": 126.1
      },
      {
        "costOfGoodsSold": 99,
        "depreciationAmortization": 111.8,
        "dilutedAverageSharesOutstanding": 65.6,
        "dilutedEPS": 2.98,
        "ebit": 106,
        "gainLossOnDispositionOfAssets": 134.3,
        "grossIncome": 230,
        "interestExpense": 54.927,
        "interestIncomeExpense": -34.8,
        "minorityInterest": -8.9,
        "netIncome": 195.6,
        "netIncomeAfterTaxes": 204.5,
        "nonRecurringItems": -0.9,
        "period": "2016-12-31",
        "pretaxIncome": 204.6,
        "provisionforIncomeTaxes": 0.1,
        "revenue": 329,
        "sgaExpense": 12.2,
        "totalOperatingExpense": 124
      },
      {
        "costOfGoodsSold": 99.4,
        "depreciationAmortization": 110.5,
        "dilutedAverageSharesOutstanding": 65.6,
        "dilutedEPS": 1,
        "ebit": 109.7,
        "gainLossOnDispositionOfAssets": 0,
        "grossIncome": 229.8,
        "interestExpense": 56.693,
        "interestIncomeExpense": -39,
        "minorityInterest": -4.6,
        "netIncome": 65.6,
        "netIncomeAfterTaxes": 70.2,
        "nonRecurringItems": -0.5,
        "period": "2016-09-30",
        "pretaxIncome": 70.2,
        "provisionforIncomeTaxes": 0,
        "revenue": 329.2,
        "sgaExpense": 9.6,
        "totalOperatingExpense": 120.1
      },
      {
        "costOfGoodsSold": 96.1,
        "depreciationAmortization": 109.7,
        "dilutedAverageSharesOutstanding": 65.6,
        "dilutedEPS": 1.1,
        "ebit": 106.2,
        "gainLossOnDispositionOfAssets": 0,
        "grossIncome": 225.5,
        "interestExpense": 55.568,
        "interestIncomeExpense": -29,
        "minorityInterest": -4.8,
        "netIncome": 72,
        "netIncomeAfterTaxes": 76.8,
        "nonRecurringItems": -0.3,
        "period": "2016-06-30",
        "pretaxIncome": 76.8,
        "provisionforIncomeTaxes": 0,
        "revenue": 321.6,
        "sgaExpense": 9.7,
        "totalOperatingExpense": 119.3
      },
      {
        "costOfGoodsSold": 94.5,
        "depreciationAmortization": 109.7,
        "dilutedAverageSharesOutstanding": 65.6,
        "dilutedEPS": 1.19,
        "ebit": 100.8,
        "gainLossOnDispositionOfAssets": 20.3,
        "grossIncome": 219.7,
        "interestExpense": 52.466,
        "interestIncomeExpense": -29.1,
        "minorityInterest": -5.1,
        "netIncome": 78,
        "netIncomeAfterTaxes": 86.9,
        "nonRecurringItems": -0.8,
        "period": "2016-03-31",
        "pretaxIncome": 91.2,
        "provisionforIncomeTaxes": 4.3,
        "revenue": 314.2,
        "sgaExpense": 9.2,
        "totalOperatingExpense": 118.9
      },
      {
        "costOfGoodsSold": 92.1,
        "depreciationAmortization": 116.5,
        "dilutedAverageSharesOutstanding": 65.6,
        "dilutedEPS": 1.21,
        "ebit": 93.3,
        "gainLossOnDispositionOfAssets": 40.2,
        "grossIncome": 218.6,
        "interestExpense": 56.426,
        "interestIncomeExpense": -40.5,
        "minorityInterest": -4.8,
        "netIncome": 79.6,
        "netIncomeAfterTaxes": 85.8,
        "nonRecurringItems": -7.2,
        "period": "2015-12-31",
        "pretaxIncome": 85.8,
        "revenue": 310.7,
        "sgaExpense": 8.9,
        "totalOperatingExpense": 125.4
      },
      {
        "costOfGoodsSold": 94.1,
        "depreciationAmortization": 116.3,
        "dilutedAverageSharesOutstanding": 65.3,
        "dilutedEPS": 0.65,
        "ebit": 83.1,
        "gainLossOnDispositionOfAssets": 0,
        "grossIncome": 210.5,
        "interestExpense": 50.053,
        "interestIncomeExpense": -35.5,
        "minorityInterest": -3.5,
        "netIncome": 42.3,
        "netIncomeAfterTaxes": 47.2,
        "nonRecurringItems": -0.4,
        "period": "2015-09-30",
        "pretaxIncome": 47.2,
        "revenue": 304.6,
        "sgaExpense": 11.1,
        "totalOperatingExpense": 127.4
      }
    ],
    "symbol": "ESS"
  }
}