{
  "symbol": "MCK",
  "statement": "ic",
  "frequency": "quarterly",
  "timestamp": "2025-09-19T14:03:47.961096",
  "data": {
    "financials": [
      {
        "costOfGoodsSold": 94556,
        "dilutedAverageSharesOutstanding": 125.5,
        "dilutedEPS": 6.247,
        "ebit": 1075,
        "grossIncome": 3271,
        "interestIncomeExpense": -49,
        "minorityInterest": -47,
        "netIncome": 784,
        "netIncomeAfterTaxes": 831,
        "nonRecurringItems": -39,
        "period": "2025-06-30",
        "pretaxIncome": 1051,
        "provisionforIncomeTaxes": 220,
        "revenue": 97827,
        "sgaExpense": 2196,
        "totalOperatingExpense": 2196,
        "totalOtherIncomeExpenseNet": 64
      },
      {
        "costOfGoodsSold": 87449,
        "dilutedAverageSharesOutstanding": 125.9,
        "dilutedEPS": 10.01,
        "ebit": 1399,
        "grossIncome": 3374,
        "interestExpense": 45,
        "interestIncomeExpense": -45,
        "minorityInterest": -46,
        "netIncome": 1260,
        "netIncomeAfterTaxes": 1306,
        "nonRecurringItems": 192,
        "period": "2025-03-31",
        "pretaxIncome": 1515,
        "provisionforIncomeTaxes": 209,
        "revenue": 90823,
        "sgaExpense": 1975,
        "totalOperatingExpense": 1975,
        "totalOtherIncomeExpenseNet": -31
      },
      {
        "costOfGoodsSold": 92041,
        "dilutedAverageSharesOutstanding": 126.6,
        "dilutedEPS": 6.94,
        "ebit": 1248,
        "grossIncome": 3253,
        "interestExpense": 67,
        "interestIncomeExpense": -67,
        "minorityInterest": -49,
        "netIncome": 879,
        "netIncomeAfterTaxes": 928,
        "nonRecurringItems": -24,
        "period": "2024-12-31",
        "pretaxIncome": 1226,
        "provisionforIncomeTaxes": 298,
        "revenue": 95294,
        "sgaExpense": 2005,
        "totalOperatingExpense": 2005,
        "totalOtherIncomeExpenseNet": 69
      },
      {
        "costOfGoodsSold": 90466,
        "dilutedAverageSharesOutstanding": 129.3,
        "dilutedEPS": 1.86,
        "ebit": 1325,
        "grossIncome": 3185,
        "interestExpense": 78,
        "interestIncomeExpense": -78,
        "minorityInterest": -46,
        "netIncome": 241,
        "netIncomeAfterTaxes": 287,
        "nonRecurringItems": -747,
        "period": "2024-09-30",
        "pretaxIncome": 534,
        "provisionforIncomeTaxes": 247,
        "revenue": 93651,
        "sgaExpense": 1860,
        "totalOperatingExpense": 1860,
        "totalOtherIncomeExpenseNet": 34
      },
      {
        "costOfGoodsSold": 76221,
        "dilutedAverageSharesOutstanding": 130.7,
        "dilutedEPS": 7,
        "ebit": 1061,
        "grossIncome": 3062,
        "interestExpense": 75,
        "interestIncomeExpense": -75,
        "minorityInterest": -45,
        "netIncome": 915,
        "netIncomeAfterTaxes": 960,
        "nonRecurringItems": -32,
        "period": "2024-06-30",
        "pretaxIncome": 1084,
        "provisionforIncomeTaxes": 124,
        "revenue": 79283,
        "sgaExpense": 2001,
        "totalOperatingExpense": 2001,
        "totalOtherIncomeExpenseNet": 130
      },
      {
        "costOfGoodsSold": 72794,
        "dilutedAverageSharesOutstanding": 131.7,
        "dilutedEPS": 6.01,
        "ebit": 1372,
        "grossIncome": 3561,
        "interestExpense": 80,
        "interestIncomeExpense": -80,
        "minorityInterest": -39,
        "netIncome": 791,
        "netIncomeAfterTaxes": 830,
        "nonRecurringItems": -156,
        "otherOperatingExpensesTotal": 0,
        "period": "2024-03-31",
        "pretaxIncome": 1170,
        "provisionforIncomeTaxes": 340,
        "revenue": 76355,
        "sgaExpense": 2189,
        "totalOperatingExpense": 2189,
        "totalOtherIncomeExpenseNet": 34
      },
      {
        "costOfGoodsSold": 77769,
        "dilutedAverageSharesOutstanding": 133.3,
        "dilutedEPS": 4.42,
        "ebit": 623,
        "grossIncome": 3129,
        "interestExpense": 64,
        "interestIncomeExpense": -64,
        "minorityInterest": -41,
        "netIncome": 589,
        "netIncomeAfterTaxes": 630,
        "nonRecurringItems": 19,
        "otherOperatingExpensesTotal": -2,
        "period": "2023-12-31",
        "pretaxIncome": 612,
        "provisionforIncomeTaxes": -18,
        "revenue": 80898,
        "sgaExpense": 2508,
        "totalOperatingExpense": 2506,
        "totalOtherIncomeExpenseNet": 34
      },
      {
        "costOfGoodsSold": 74225,
        "dilutedAverageSharesOutstanding": 134.8,
        "dilutedEPS": 4.93,
        "ebit": 898,
        "grossIncome": 2990,
        "interestExpense": 61,
        "interestIncomeExpense": -61,
        "minorityInterest": -39,
        "netIncome": 664,
        "netIncomeAfterTaxes": 703,
        "nonRecurringItems": 53,
        "otherOperatingExpensesTotal": -48,
        "period": "2023-09-30",
        "pretaxIncome": 916,
        "provisionforIncomeTaxes": 213,
        "revenue": 77215,
        "sgaExpense": 2140,
        "totalOperatingExpense": 2092,
        "totalOtherIncomeExpenseNet": 26
      },
      {
        "costOfGoodsSold": 71579,
        "dilutedAverageSharesOutstanding": 136.6,
        "dilutedEPS": 7.01,
        "ebit": 1034,
        "grossIncome": 2904,
        "interestExpense": 56,
        "interestIncomeExpense": -56,
        "minorityInterest": -39,
        "netIncome": 958,
        "netIncomeAfterTaxes": 997,
        "nonRecurringItems": 75,
        "otherOperatingExpensesTotal": -28,
        "period": "2023-06-30",
        "pretaxIncome": 1091,
        "provisionforIncomeTaxes": 94,
        "revenue": 74483,
        "sgaExpense": 1898,
        "totalOperatingExpense": 1870,
        "totalOtherIncomeExpenseNet": 38
      },
      {
        "costOfGoodsSold": 65844,
        "dilutedAverageSharesOutstanding": 137.7,
        "dilutedEPS": 5.72,
        "ebit": 1101,
        "grossIncome": 3066,
        "interestExpense": 79,
        "interestIncomeExpense": -79,
        "minorityInterest": -39,
        "netIncome": 787,
        "netIncomeAfterTaxes": 826,
        "nonRecurringItems": -121,
        "period": "2023-03-31",
        "pretaxIncome": 932,
        "provisionforIncomeTaxes": 106,
        "revenue": 68910,
        "sgaExpense": 1965,
        "totalOperatingExpense": 1965,
        "totalOtherIncomeExpenseNet": 31
      },
      {
        "costOfGoodsSold": 67316,
        "dilutedAverageSharesOutstanding": 141,
        "dilutedEPS": 7.65,
        "ebit": 1249,
        "grossIncome": 3174,
        "interestExpense": 69,
        "interestIncomeExpense": -69,
        "minorityInterest": -41,
        "netIncome": 1079,
        "netIncomeAfterTaxes": 1119,
        "nonRecurringItems": -8,
        "period": "2022-12-31",
        "pretaxIncome": 1448,
        "provisionforIncomeTaxes": 329,
        "revenue": 70490,
        "sgaExpense": 1925,
        "totalOperatingExpense": 1925,
        "totalOtherIncomeExpenseNet": 276
      },
      {
        "costOfGoodsSold": 67062,
        "dilutedAverageSharesOutstanding": 144.1,
        "dilutedEPS": 6.42,
        "ebit": 1131,
        "grossIncome": 3095,
        "interestExpense": 55,
        "interestIncomeExpense": -55,
        "minorityInterest": -41,
        "netIncome": 926,
        "netIncomeAfterTaxes": 973,
        "nonRecurringItems": -7,
        "period": "2022-09-30",
        "pretaxIncome": 1244,
        "provisionforIncomeTaxes": 271,
        "revenue": 70157,
        "sgaExpense": 1964,
        "totalOperatingExpense": 1964,
        "totalOtherIncomeExpenseNet": 175
      },
      {
        "costOfGoodsSold": 64131,
        "dilutedAverageSharesOutstanding": 145.9,
        "dilutedEPS": 5.25,
        "ebit": 1071,
        "grossIncome": 3023,
        "interestExpense": 45,
        "interestIncomeExpense": -45,
        "minorityInterest": -41,
        "netIncome": 768,
        "netIncomeAfterTaxes": 807,
        "nonRecurringItems": -35,
        "period": "2022-06-30",
        "pretaxIncome": 1006,
        "provisionforIncomeTaxes": 199,
        "revenue": 67154,
        "sgaExpense": 1952,
        "totalOperatingExpense": 1952,
        "totalOtherIncomeExpenseNet": 15
      },
      {
        "costOfGoodsSold": 62784,
        "dilutedAverageSharesOutstanding": 149,
        "dilutedEPS": 2.48,
        "ebit": 734,
        "grossIncome": 3318,
        "interestExpense": 43,
        "interestIncomeExpense": -49,
        "minorityInterest": -37,
        "netIncome": 368,
        "netIncomeAfterTaxes": 407,
        "nonRecurringItems": -101,
        "period": "2022-03-31",
        "pretaxIncome": 647,
        "provisionforIncomeTaxes": 240,
        "revenue": 66102,
        "sgaExpense": 2584,
        "totalOperatingExpense": 2584,
        "totalOtherIncomeExpenseNet": 63
      },
      {
        "costOfGoodsSold": 65186,
        "dilutedAverageSharesOutstanding": 151.6,
        "dilutedEPS": -0.05,
        "ebit": 382,
        "grossIncome": 3428,
        "interestExpense": 41,
        "interestIncomeExpense": -34,
        "minorityInterest": -46,
        "netIncome": -7,
        "netIncomeAfterTaxes": 39,
        "nonRecurringItems": -84,
        "period": "2021-12-31",
        "pretaxIncome": 277,
        "provisionforIncomeTaxes": 238,
        "revenue": 68614,
        "sgaExpense": 3046,
        "totalOperatingExpense": 3046,
        "totalOtherIncomeExpenseNet": 13
      },
      {
        "costOfGoodsSold": 63224,
        "dilutedAverageSharesOutstanding": 155.8,
        "dilutedEPS": 1.71,
        "ebit": 1151,
        "grossIncome": 3352,
        "interestExpense": 45,
        "interestIncomeExpense": 52,
        "minorityInterest": -43,
        "netIncome": 267,
        "netIncomeAfterTaxes": 310,
        "nonRecurringItems": -803,
        "period": "2021-09-30",
        "pretaxIncome": 442,
        "provisionforIncomeTaxes": 132,
        "revenue": 66576,
        "sgaExpense": 2201,
        "totalOperatingExpense": 2201,
        "totalOtherIncomeExpenseNet": 42
      },
      {
        "costOfGoodsSold": 59486,
        "dilutedAverageSharesOutstanding": 158.1,
        "dilutedEPS": 3.09,
        "ebit": 991,
        "grossIncome": 3188,
        "interestExpense": 49,
        "interestIncomeExpense": -49,
        "minorityInterest": -47,
        "netIncome": 486,
        "netIncomeAfterTaxes": 536,
        "nonRecurringItems": -423,
        "period": "2021-06-30",
        "pretaxIncome": 562,
        "provisionforIncomeTaxes": 26,
        "revenue": 62674,
        "sgaExpense": 2197,
        "totalOperatingExpense": 2197,
        "totalOtherIncomeExpenseNet": 43
      },
      {
        "costOfGoodsSold": 55845,
        "dilutedAverageSharesOutstanding": 158.8,
        "dilutedEPS": 4.19,
        "ebit": 1128,
        "grossIncome": 3297,
        "interestExpense": 52,
        "interestIncomeExpense": -52,
        "minorityInterest": -47,
        "netIncome": 666,
        "netIncomeAfterTaxes": 713,
        "nonRecurringItems": -118,
        "otherOperatingExpensesTotal": 2169,
        "period": "2021-03-31",
        "pretaxIncome": 1029,
        "provisionforIncomeTaxes": 316,
        "revenue": 59142,
        "totalOperatingExpense": 2169,
        "totalOtherIncomeExpenseNet": 71
      },
      {
        "costOfGoodsSold": 59448,
        "dilutedAverageSharesOutstanding": 159.5,
        "dilutedEPS": -39.03,
        "ebit": 917,
        "grossIncome": 3151,
        "interestExpense": 55,
        "interestIncomeExpense": -55,
        "minorityInterest": -52,
        "netIncome": -6226,
        "netIncomeAfterTaxes": -6174,
        "nonRecurringItems": -8279,
        "otherOperatingExpensesTotal": 2234,
        "period": "2020-12-31",
        "pretaxIncome": -7363,
        "provisionforIncomeTaxes": -1189,
        "revenue": 62599,
        "totalOperatingExpense": 2234,
        "totalOtherIncomeExpenseNet": 54
      },
      {
        "costOfGoodsSold": 57808,
        "dilutedAverageSharesOutstanding": 163,
        "dilutedEPS": 3.54,
        "ebit": 824,
        "grossIncome": 3000,
        "interestExpense": 50,
        "interestIncomeExpense": -50,
        "minorityInterest": -50,
        "netIncome": 577,
        "netIncomeAfterTaxes": 627,
        "nonRecurringItems": -190,
        "otherOperatingExpensesTotal": 2176,
        "period": "2020-09-30",
        "pretaxIncome": 655,
        "provisionforIncomeTaxes": 28,
        "revenue": 60808,
        "totalOperatingExpense": 2176,
        "totalOtherIncomeExpenseNet": 71
      },
      {
        "costOfGoodsSold": 52979,
        "dilutedAverageSharesOutstanding": 163,
        "dilutedEPS": 2.73,
        "ebit": 646,
        "grossIncome": 2700,
        "interestExpense": 60,
        "interestIncomeExpense": -60,
        "minorityInterest": -50,
        "netIncome": 444,
        "netIncomeAfterTaxes": 495,
        "nonRecurringItems": 32,
        "otherOperatingExpensesTotal": 2054,
        "period": "2020-06-30",
        "pretaxIncome": 645,
        "provisionforIncomeTaxes": 150,
        "revenue": 55679,
        "totalOperatingExpense": 2054,
        "totalOtherIncomeExpenseNet": 27
      },
      {
        "costOfGoodsSold": 55199,
        "dilutedAverageSharesOutstanding": 179,
        "dilutedEPS": 5.7,
        "ebit": 851,
        "grossIncome": 3336,
        "interestExpense": 65,
        "interestIncomeExpense": -419,
        "minorityInterest": -57,
        "netIncome": 1021,
        "netIncomeAfterTaxes": 1072,
        "nonRecurringItems": 742,
        "otherOperatingExpensesTotal": 2485,
        "period": "2020-03-31",
        "pretaxIncome": 1201,
        "provisionforIncomeTaxes": 129,
        "revenue": 58535,
        "totalOperatingExpense": 2485,
        "totalOtherIncomeExpenseNet": 27
      },
      {
        "costOfGoodsSold": 56139,
        "dilutedAverageSharesOutstanding": 180,
        "dilutedEPS": 1.03,
        "ebit": 822,
        "grossIncome": 3033,
        "interestExpense": 64,
        "interestIncomeExpense": -75,
        "minorityInterest": -56,
        "netIncome": 186,
        "netIncomeAfterTaxes": 247,
        "nonRecurringItems": -479,
        "otherOperatingExpensesTotal": 2211,
        "period": "2019-12-31",
        "pretaxIncome": 294,
        "provisionforIncomeTaxes": 47,
        "revenue": 59172,
        "totalOperatingExpense": 2211,
        "totalOtherIncomeExpenseNet": 26
      },
      {
        "costOfGoodsSold": 54749,
        "dilutedAverageSharesOutstanding": 183,
        "dilutedEPS": -3.98,
        "ebit": 687,
        "grossIncome": 2867,
        "interestExpense": 64,
        "interestIncomeExpense": -1252,
        "minorityInterest": -53,
        "netIncome": -730,
        "netIncomeAfterTaxes": -676,
        "nonRecurringItems": -327,
        "otherOperatingExpensesTotal": 2180,
        "period": "2019-09-30",
        "pretaxIncome": -970,
        "provisionforIncomeTaxes": -294,
        "revenue": 57616,
        "totalOperatingExpense": 2180,
        "totalOtherIncomeExpenseNet": -78
      },
      {
        "costOfGoodsSold": 52941,
        "dilutedAverageSharesOutstanding": 189,
        "dilutedEPS": 2.23,
        "ebit": 674,
        "grossIncome": 2787,
        "interestExpense": 56,
        "interestIncomeExpense": -25,
        "minorityInterest": -54,
        "netIncome": 423,
        "netIncomeAfterTaxes": 483,
        "nonRecurringItems": -67,
        "otherOperatingExpensesTotal": 2113,
        "period": "2019-06-30",
        "pretaxIncome": 619,
        "provisionforIncomeTaxes": 136,
        "revenue": 55728,
        "totalOperatingExpense": 2113,
        "totalOtherIncomeExpenseNet": 37
      },
      {
        "costOfGoodsSold": 49228,
        "dilutedAverageSharesOutstanding": 190,
        "dilutedEPS": -4.18,
        "ebit": 980,
        "grossIncome": 3201,
        "interestExpense": 70,
        "interestIncomeExpense": -75,
        "minorityInterest": -52,
        "netIncome": -796,
        "netIncomeAfterTaxes": -819,
        "nonRecurringItems": -1576,
        "otherOperatingExpensesTotal": 2221,
        "period": "2019-03-31",
        "pretaxIncome": -633,
        "provisionforIncomeTaxes": 186,
        "revenue": 52429,
        "totalOperatingExpense": 2221,
        "totalOtherIncomeExpenseNet": 38
      },
      {
        "costOfGoodsSold": 53238,
        "dilutedAverageSharesOutstanding": 195,
        "dilutedEPS": 2.4,
        "ebit": 841,
        "grossIncome": 2970,
        "interestExpense": 67,
        "interestIncomeExpense": -92,
        "minorityInterest": -57,
        "netIncome": 469,
        "netIncomeAfterTaxes": 554,
        "nonRecurringItems": -183,
        "otherOperatingExpensesTotal": 2129,
        "period": "2018-12-31",
        "pretaxIncome": 650,
        "provisionforIncomeTaxes": 96,
        "revenue": 56208,
        "totalOperatingExpense": 2129,
        "totalOtherIncomeExpenseNet": 84
      },
      {
        "costOfGoodsSold": 50271,
        "dilutedAverageSharesOutstanding": 199,
        "dilutedEPS": 2.5,
        "ebit": 808,
        "grossIncome": 2804,
        "interestExpense": 66,
        "interestIncomeExpense": -96,
        "minorityInterest": -54,
        "netIncome": 499,
        "netIncomeAfterTaxes": 534,
        "nonRecurringItems": -145,
        "otherOperatingExpensesTotal": 1996,
        "period": "2018-09-30",
        "pretaxIncome": 587,
        "provisionforIncomeTaxes": 53,
        "revenue": 53075,
        "totalOperatingExpense": 1996,
        "totalOtherIncomeExpenseNet": 20
      },
      {
        "costOfGoodsSold": 49828,
        "dilutedAverageSharesOutstanding": 202,
        "dilutedEPS": -0.68,
        "ebit": 769,
        "grossIncome": 2779,
        "interestExpense": 61,
        "interestIncomeExpense": -85,
        "minorityInterest": -58,
        "netIncome": -138,
        "netIncomeAfterTaxes": -101,
        "nonRecurringItems": -718,
        "otherOperatingExpensesTotal": 2010,
        "period": "2018-06-30",
        "pretaxIncome": 6,
        "provisionforIncomeTaxes": 107,
        "revenue": 52607,
        "totalOperatingExpense": 2010,
        "totalOtherIncomeExpenseNet": 40
      },
      {
        "costOfGoodsSold": 48553,
        "dilutedAverageSharesOutstanding": 205,
        "dilutedEPS": -5.59,
        "ebit": 818,
        "grossIncome": 3075,
        "interestExpense": 79,
        "interestIncomeExpense": -56,
        "minorityInterest": -61,
        "netIncome": -1146,
        "netIncomeAfterTaxes": -1128,
        "nonRecurringItems": -1884,
        "otherOperatingExpensesTotal": 2257,
        "period": "2018-03-31",
        "pretaxIncome": -1094,
        "provisionforIncomeTaxes": 34,
        "revenue": 51628,
        "totalOperatingExpense": 2257,
        "totalOtherIncomeExpenseNet": 28
      },
      {
        "costOfGoodsSold": 50902,
        "dilutedAverageSharesOutstanding": 208,
        "dilutedEPS": 4.34,
        "ebit": 755,
        "grossIncome": 2715,
        "interestExpense": 67,
        "interestIncomeExpense": -157,
        "minorityInterest": -58,
        "netIncome": 903,
        "netIncomeAfterTaxes": 134,
        "nonRecurringItems": 79,
        "otherOperatingExpensesTotal": 1960,
        "period": "2017-12-31",
        "pretaxIncome": 697,
        "provisionforIncomeTaxes": 563,
        "revenue": 53617,
        "totalOperatingExpense": 1960,
        "totalOtherIncomeExpenseNet": 20
      },
      {
        "costOfGoodsSold": 49227,
        "dilutedAverageSharesOutstanding": 210,
        "dilutedEPS": 0,
        "ebit": 831,
        "grossIncome": 2834,
        "interestExpense": 69,
        "interestIncomeExpense": -130,
        "minorityInterest": -55,
        "netIncome": 1,
        "netIncomeAfterTaxes": 56,
        "nonRecurringItems": -592,
        "otherOperatingExpensesTotal": 2003,
        "period": "2017-09-30",
        "pretaxIncome": 178,
        "provisionforIncomeTaxes": 122,
        "revenue": 52061,
        "totalOperatingExpense": 2003,
        "totalOtherIncomeExpenseNet": 69
      },
      {
        "costOfGoodsSold": 48491,
        "dilutedAverageSharesOutstanding": 213,
        "dilutedEPS": 1.44,
        "ebit": 622,
        "grossIncome": 2560,
        "interestExpense": 68,
        "interestIncomeExpense": -188,
        "minorityInterest": -56,
        "netIncome": 309,
        "netIncomeAfterTaxes": 363,
        "nonRecurringItems": 11,
        "otherOperatingExpensesTotal": 1938,
        "period": "2017-06-30",
        "pretaxIncome": 458,
        "provisionforIncomeTaxes": 95,
        "revenue": 51051,
        "totalOperatingExpense": 1938,
        "totalOtherIncomeExpenseNet": 13
      },
      {
        "costOfGoodsSold": 45917,
        "dilutedAverageSharesOutstanding": 214,
        "dilutedEPS": 16.76,
        "ebit": 793,
        "grossIncome": 2796,
        "interestExpense": 77,
        "interestIncomeExpense": -77,
        "minorityInterest": -35,
        "netIncome": 3588,
        "netIncomeAfterTaxes": 3630,
        "nonRecurringItems": 3946,
        "otherOperatingExpensesTotal": 2003,
        "period": "2017-03-31",
        "pretaxIncome": 4674,
        "provisionforIncomeTaxes": 1044,
        "revenue": 48713,
        "totalOperatingExpense": 2003,
        "totalOtherIncomeExpenseNet": 12
      },
      {
        "costOfGoodsSold": 47318,
        "dilutedAverageSharesOutstanding": 222,
        "dilutedEPS": 2.86,
        "ebit": 903,
        "grossIncome": 2812,
        "interestExpense": 74,
        "interestIncomeExpense": -74,
        "minorityInterest": -13,
        "netIncome": 633,
        "netIncomeAfterTaxes": 649,
        "nonRecurringItems": -72,
        "otherOperatingExpensesTotal": 1909,
        "period": "2016-12-31",
        "pretaxIncome": 780,
        "provisionforIncomeTaxes": 131,
        "revenue": 50130,
        "totalOperatingExpense": 1909,
        "totalOtherIncomeExpenseNet": 23
      },
      {
        "costOfGoodsSold": 47201,
        "dilutedAverageSharesOutstanding": 228,
        "dilutedEPS": 1.35,
        "ebit": 909,
        "grossIncome": 2756,
        "interestExpense": 78,
        "interestIncomeExpense": -78,
        "minorityInterest": -17,
        "netIncome": 307,
        "netIncomeAfterTaxes": 325,
        "nonRecurringItems": -329,
        "otherOperatingExpensesTotal": 1847,
        "period": "2016-09-30",
        "pretaxIncome": 525,
        "provisionforIncomeTaxes": 200,
        "revenue": 49957,
        "totalOperatingExpense": 1847,
        "totalOtherIncomeExpenseNet": 23
      },
      {
        "costOfGoodsSold": 46826,
        "dilutedAverageSharesOutstanding": 228,
        "dilutedEPS": 2.37,
        "ebit": 1018,
        "grossIncome": 2907,
        "interestExpense": 79,
        "interestIncomeExpense": -79,
        "minorityInterest": -18,
        "netIncome": 542,
        "netIncomeAfterTaxes": 673,
        "nonRecurringItems": -46,
        "otherOperatingExpensesTotal": 1889,
        "period": "2016-06-30",
        "pretaxIncome": 912,
        "provisionforIncomeTaxes": 239,
        "revenue": 49733,
        "totalOperatingExpense": 1889,
        "totalOtherIncomeExpenseNet": 19
      },
      {
        "costOfGoodsSold": 43826,
        "dilutedAverageSharesOutstanding": 229,
        "dilutedEPS": 1.88,
        "ebit": 740,
        "grossIncome": 2852,
        "interestExpense": 86,
        "interestIncomeExpense": -86,
        "minorityInterest": -13,
        "netIncome": 431,
        "netIncomeAfterTaxes": 465,
        "nonRecurringItems": 0,
        "otherOperatingExpensesTotal": 2112,
        "period": "2016-03-31",
        "pretaxIncome": 669,
        "provisionforIncomeTaxes": 204,
        "revenue": 46678,
        "totalOperatingExpense": 2112,
        "totalOtherIncomeExpenseNet": 15
      },
      {
        "costOfGoodsSold": 45027,
        "dilutedAverageSharesOutstanding": 232,
        "dilutedEPS": 2.73,
        "ebit": 920,
        "grossIncome": 2872,
        "interestExpense": 87,
        "interestIncomeExpense": -87,
        "minorityInterest": -13,
        "netIncome": 634,
        "netIncomeAfterTaxes": 642,
        "otherOperatingExpensesTotal": 1952,
        "period": "2015-12-31",
        "pretaxIncome": 846,
        "provisionforIncomeTaxes": 204,
        "revenue": 47899,
        "totalOperatingExpense": 1952,
        "totalOtherIncomeExpenseNet": 13
      },
      {
        "costOfGoodsSold": 45917,
        "dilutedAverageSharesOutstanding": 235,
        "dilutedEPS": 2.62,
        "ebit": 954,
        "grossIncome": 2844,
        "interestExpense": 91,
        "interestIncomeExpense": -91,
        "minorityInterest": -13,
        "netIncome": 617,
        "netIncomeAfterTaxes": 636,
        "otherOperatingExpensesTotal": 1890,
        "period": "2015-09-30",
        "pretaxIncome": 880,
        "provisionforIncomeTaxes": 244,
        "revenue": 48761,
        "totalOperatingExpense": 1890,
        "totalOtherIncomeExpenseNet": 17
      }
    ],
    "symbol": "MCK"
  }
}