{
  "symbol": "LYB",
  "statement": "ic",
  "frequency": "annual",
  "timestamp": "2025-09-19T14:03:25.109074",
  "data": {
    "financials": [
      {
        "costOfGoodsSold": 35738,
        "dilutedAverageSharesOutstanding": 326,
        "dilutedEPS": 4.1411,
        "ebit": 2766,
        "grossIncome": 4564,
        "interestExpense": 481,
        "interestIncomeExpense": -563,
        "netIncome": 1354,
        "netIncomeAfterTaxes": 1363,
        "nonRecurringItems": -665,
        "period": "2024-12-31",
        "pretaxIncome": 1603,
        "provisionforIncomeTaxes": 240,
        "researchDevelopment": 135,
        "revenue": 40302,
        "sgaExpense": 1663,
        "totalOperatingExpense": 1798,
        "totalOtherIncomeExpenseNet": 65,
        "year": 2024
      },
      {
        "costOfGoodsSold": 35849,
        "dilutedAverageSharesOutstanding": 326,
        "dilutedEPS": 6.4785,
        "ebit": 3571,
        "grossIncome": 5258,
        "interestExpense": 477,
        "interestIncomeExpense": -402,
        "netIncome": 2107,
        "netIncomeAfterTaxes": 2126,
        "nonRecurringItems": -518,
        "period": "2023-12-31",
        "pretaxIncome": 2627,
        "provisionforIncomeTaxes": 501,
        "researchDevelopment": 130,
        "revenue": 41107,
        "sgaExpense": 1557,
        "totalOperatingExpense": 1687,
        "totalOtherIncomeExpenseNet": -24,
        "year": 2023
      },
      {
        "costOfGoodsSold": 43847,
        "dilutedAverageSharesOutstanding": 328,
        "dilutedEPS": 11.85,
        "ebit": 5170,
        "grossIncome": 6604,
        "interestExpense": 287,
        "interestIncomeExpense": -267,
        "netIncome": 3882,
        "netIncomeAfterTaxes": 3894,
        "nonRecurringItems": -69,
        "period": "2022-12-31",
        "pretaxIncome": 4776,
        "provisionforIncomeTaxes": 882,
        "researchDevelopment": 124,
        "revenue": 50451,
        "sgaExpense": 1310,
        "totalOperatingExpense": 1434,
        "totalOtherIncomeExpenseNet": -58,
        "year": 2022
      },
      {
        "costOfGoodsSold": 37397,
        "dilutedAverageSharesOutstanding": 334,
        "dilutedEPS": 16.81,
        "ebit": 7397,
        "grossIncome": 8776,
        "interestExpense": 519,
        "interestIncomeExpense": -51,
        "netIncome": 5610,
        "netIncomeAfterTaxes": 5623,
        "nonRecurringItems": -624,
        "period": "2021-12-31",
        "pretaxIncome": 6786,
        "provisionforIncomeTaxes": 1163,
        "researchDevelopment": 124,
        "revenue": 46173,
        "sgaExpense": 1255,
        "totalOperatingExpense": 1379,
        "totalOtherIncomeExpenseNet": 64,
        "year": 2021
      },
      {
        "costOfGoodsSold": 24359,
        "dilutedAverageSharesOutstanding": 334,
        "dilutedEPS": 4.26,
        "ebit": 2141,
        "grossIncome": 3394,
        "interestExpense": 526,
        "interestIncomeExpense": -251,
        "netIncome": 1420,
        "netIncomeAfterTaxes": 1429,
        "nonRecurringItems": -582,
        "period": "2020-12-31",
        "pretaxIncome": 1386,
        "provisionforIncomeTaxes": -43,
        "researchDevelopment": 113,
        "revenue": 27753,
        "sgaExpense": 1140,
        "totalOperatingExpense": 1253,
        "totalOtherIncomeExpenseNet": 78,
        "year": 2020
      },
      {
        "costOfGoodsSold": 29267,
        "dilutedAverageSharesOutstanding": 353,
        "dilutedEPS": 9.62,
        "ebit": 4150,
        "grossIncome": 5460,
        "interestExpense": 272,
        "interestIncomeExpense": -30,
        "minorityInterest": 0,
        "netIncome": 3390,
        "netIncomeAfterTaxes": 3404,
        "period": "2019-12-31",
        "pretaxIncome": 4052,
        "provisionforIncomeTaxes": 648,
        "researchDevelopment": 111,
        "revenue": 34727,
        "sgaExpense": 1199,
        "totalOperatingExpense": 1310,
        "totalOtherIncomeExpenseNet": -68,
        "year": 2019
      },
      {
        "costOfGoodsSold": 32530,
        "dilutedAverageSharesOutstanding": 389,
        "dilutedEPS": 12.03,
        "ebit": 5230,
        "grossIncome": 6474,
        "interestExpense": 330,
        "interestIncomeExpense": 42,
        "minorityInterest": 0,
        "netIncome": 4682,
        "netIncomeAfterTaxes": 4703,
        "period": "2018-12-31",
        "pretaxIncome": 5311,
        "provisionforIncomeTaxes": 608,
        "researchDevelopment": 115,
        "revenue": 39004,
        "sgaExpense": 1129,
        "totalOperatingExpense": 1244,
        "totalOtherIncomeExpenseNet": 39,
        "year": 2018
      },
      {
        "costOfGoodsSold": 28036,
        "dilutedAverageSharesOutstanding": 399,
        "dilutedEPS": 12.21,
        "ebit": 5483,
        "grossIncome": 6448,
        "interestExpense": 493,
        "interestIncomeExpense": -192,
        "minorityInterest": 2,
        "netIncome": 4874,
        "netIncomeAfterTaxes": 4076,
        "period": "2017-12-31",
        "pretaxIncome": 5493,
        "provisionforIncomeTaxes": 1417,
        "researchDevelopment": 106,
        "revenue": 34484,
        "sgaExpense": 859,
        "totalOperatingExpense": 965,
        "totalOtherIncomeExpenseNet": 202,
        "year": 2017
      },
      {
        "costOfGoodsSold": 23185,
        "dilutedAverageSharesOutstanding": 420,
        "dilutedEPS": 9.12,
        "ebit": 5066,
        "grossIncome": 5998,
        "interestExpense": 330,
        "interestIncomeExpense": 72,
        "minorityInterest": -1,
        "netIncome": 3832,
        "netIncomeAfterTaxes": 3847,
        "period": "2016-12-31",
        "pretaxIncome": 5233,
        "provisionforIncomeTaxes": 1386,
        "researchDevelopment": 99,
        "revenue": 29183,
        "sgaExpense": 833,
        "totalOperatingExpense": 932,
        "totalOtherIncomeExpenseNet": 95,
        "year": 2016
      },
      {
        "costOfGoodsSold": 25633,
        "dilutedAverageSharesOutstanding": 466,
        "dilutedEPS": 9.6,
        "ebit": 6172,
        "grossIncome": 7102,
        "interestExpense": 348,
        "interestIncomeExpense": -13,
        "minorityInterest": 2,
        "netIncome": 4468,
        "netIncomeAfterTaxes": 4479,
        "period": "2015-12-31",
        "pretaxIncome": 6209,
        "provisionforIncomeTaxes": 1730,
        "researchDevelopment": 102,
        "revenue": 32735,
        "sgaExpense": 828,
        "totalOperatingExpense": 930,
        "totalOtherIncomeExpenseNet": 50,
        "year": 2015
      }
    ],
    "symbol": "LYB"
  }
}