{
  "symbol": "EBAY",
  "statement": "ic",
  "frequency": "quarterly",
  "timestamp": "2025-09-19T13:59:34.392137",
  "data": {
    "financials": [
      {
        "costOfGoodsSold": 776,
        "depreciationAmortization": 6,
        "dilutedAverageSharesOutstanding": 470,
        "dilutedEPS": 0.7851,
        "ebit": 570,
        "grossIncome": 1954,
        "interestExpense": 62,
        "interestIncomeExpense": -7,
        "netIncome": 368,
        "netIncomeAfterTaxes": 369,
        "nonRecurringItems": -86,
        "period": "2025-06-30",
        "pretaxIncome": 477,
        "provisionforIncomeTaxes": 108,
        "researchDevelopment": 421,
        "revenue": 2730,
        "sgaExpense": 957,
        "totalOperatingExpense": 1384
      },
      {
        "costOfGoodsSold": 723,
        "depreciationAmortization": 6,
        "dilutedAverageSharesOutstanding": 475,
        "dilutedEPS": 1.0632,
        "ebit": 697,
        "grossIncome": 1862,
        "interestExpense": 61,
        "interestIncomeExpense": 18,
        "netIncome": 503,
        "netIncomeAfterTaxes": 505,
        "nonRecurringItems": -81,
        "period": "2025-03-31",
        "pretaxIncome": 634,
        "provisionforIncomeTaxes": 129,
        "researchDevelopment": 362,
        "revenue": 2585,
        "sgaExpense": 797,
        "totalOperatingExpense": 1165
      },
      {
        "costOfGoodsSold": 718,
        "depreciationAmortization": 6,
        "dilutedAverageSharesOutstanding": 483,
        "dilutedEPS": 1.4079,
        "ebit": 544,
        "grossIncome": 1861,
        "interestExpense": 65,
        "interestIncomeExpense": 74,
        "netIncome": 679,
        "netIncomeAfterTaxes": 680,
        "nonRecurringItems": -1,
        "otherOperatingExpensesTotal": 87,
        "period": "2024-12-31",
        "pretaxIncome": 617,
        "provisionforIncomeTaxes": -63,
        "researchDevelopment": 375,
        "revenue": 2579,
        "sgaExpense": 849,
        "totalOperatingExpense": 1317
      },
      {
        "costOfGoodsSold": 727,
        "depreciationAmortization": 5,
        "dilutedAverageSharesOutstanding": 494,
        "dilutedEPS": 1.2875,
        "ebit": 596,
        "grossIncome": 1849,
        "interestExpense": 63,
        "interestIncomeExpense": 202,
        "netIncome": 634,
        "netIncomeAfterTaxes": 636,
        "nonRecurringItems": -1,
        "otherOperatingExpensesTotal": 89,
        "period": "2024-09-30",
        "pretaxIncome": 797,
        "provisionforIncomeTaxes": 161,
        "researchDevelopment": 374,
        "revenue": 2576,
        "sgaExpense": 785,
        "totalOperatingExpense": 1253
      },
      {
        "costOfGoodsSold": 735,
        "depreciationAmortization": 5,
        "dilutedAverageSharesOutstanding": 507,
        "dilutedEPS": 0.4458,
        "ebit": 546,
        "grossIncome": 1837,
        "interestExpense": 65,
        "interestIncomeExpense": -221,
        "netIncome": 224,
        "netIncomeAfterTaxes": 226,
        "nonRecurringItems": 3,
        "otherOperatingExpensesTotal": 86,
        "period": "2024-06-30",
        "pretaxIncome": 328,
        "provisionforIncomeTaxes": 102,
        "researchDevelopment": 379,
        "revenue": 2572,
        "sgaExpense": 821,
        "totalOperatingExpense": 1291
      },
      {
        "costOfGoodsSold": 700,
        "depreciationAmortization": 4,
        "dilutedAverageSharesOutstanding": 519,
        "dilutedEPS": 0.8459,
        "ebit": 640,
        "grossIncome": 1856,
        "interestExpense": 66,
        "interestIncomeExpense": -95,
        "netIncome": 438,
        "netIncomeAfterTaxes": 439,
        "nonRecurringItems": -9,
        "otherOperatingExpensesTotal": 91,
        "period": "2024-03-31",
        "pretaxIncome": 536,
        "provisionforIncomeTaxes": 97,
        "researchDevelopment": 351,
        "revenue": 2556,
        "sgaExpense": 770,
        "totalOperatingExpense": 1216
      },
      {
        "costOfGoodsSold": 710,
        "depreciationAmortization": 4,
        "dilutedAverageSharesOutstanding": 521,
        "dilutedEPS": 1.3973,
        "ebit": 610,
        "grossIncome": 1852,
        "interestExpense": 65,
        "interestIncomeExpense": 621,
        "netIncome": 724,
        "netIncomeAfterTaxes": 728,
        "nonRecurringItems": -200,
        "period": "2023-12-31",
        "pretaxIncome": 1031,
        "provisionforIncomeTaxes": 303,
        "researchDevelopment": 399,
        "revenue": 2562,
        "sgaExpense": 839,
        "totalOperatingExpense": 1242
      },
      {
        "costOfGoodsSold": 705,
        "depreciationAmortization": 4,
        "dilutedAverageSharesOutstanding": 532,
        "dilutedEPS": 2.45,
        "ebit": 540,
        "grossIncome": 1795,
        "interestExpense": 65,
        "interestIncomeExpense": 1206,
        "netIncome": 1305,
        "netIncomeAfterTaxes": 1306,
        "nonRecurringItems": -85,
        "period": "2023-09-30",
        "pretaxIncome": 1661,
        "provisionforIncomeTaxes": 355,
        "researchDevelopment": 401,
        "revenue": 2500,
        "sgaExpense": 850,
        "totalOperatingExpense": 1255
      },
      {
        "costOfGoodsSold": 718,
        "depreciationAmortization": 5,
        "dilutedAverageSharesOutstanding": 537,
        "dilutedEPS": 0.32,
        "ebit": 608,
        "grossIncome": 1822,
        "interestExpense": 65,
        "interestIncomeExpense": -233,
        "netIncome": 171,
        "netIncomeAfterTaxes": 172,
        "nonRecurringItems": -90,
        "period": "2023-06-30",
        "pretaxIncome": 285,
        "provisionforIncomeTaxes": 113,
        "researchDevelopment": 392,
        "revenue": 2540,
        "sgaExpense": 817,
        "totalOperatingExpense": 1214
      },
      {
        "costOfGoodsSold": 700,
        "depreciationAmortization": 8,
        "dilutedAverageSharesOutstanding": 541,
        "dilutedEPS": 1.05,
        "ebit": 684,
        "grossIncome": 1810,
        "interestIncomeExpense": 172,
        "netIncome": 567,
        "netIncomeAfterTaxes": 569,
        "nonRecurringItems": -126,
        "period": "2023-03-31",
        "pretaxIncome": 730,
        "provisionforIncomeTaxes": 161,
        "researchDevelopment": 352,
        "revenue": 2510,
        "sgaExpense": 766,
        "totalOperatingExpense": 1126
      },
      {
        "costOfGoodsSold": 681,
        "depreciationAmortization": 1,
        "dilutedAverageSharesOutstanding": 543,
        "dilutedEPS": 1.24,
        "ebit": 646,
        "grossIncome": 1829,
        "interestIncomeExpense": 264,
        "netIncome": 672,
        "netIncomeAfterTaxes": 671,
        "nonRecurringItems": -81,
        "period": "2022-12-31",
        "pretaxIncome": 829,
        "provisionforIncomeTaxes": 158,
        "researchDevelopment": 340,
        "revenue": 2510,
        "sgaExpense": 842,
        "totalOperatingExpense": 1183
      },
      {
        "costOfGoodsSold": 647,
        "depreciationAmortization": 1,
        "dilutedAverageSharesOutstanding": 548,
        "dilutedEPS": -0.13,
        "ebit": 637,
        "grossIncome": 1733,
        "interestIncomeExpense": -622,
        "netIncome": -69,
        "netIncomeAfterTaxes": -70,
        "nonRecurringItems": -69,
        "period": "2022-09-30",
        "pretaxIncome": -54,
        "provisionforIncomeTaxes": 16,
        "researchDevelopment": 345,
        "revenue": 2380,
        "sgaExpense": 750,
        "totalOperatingExpense": 1096
      },
      {
        "costOfGoodsSold": 663,
        "depreciationAmortization": 1,
        "dilutedAverageSharesOutstanding": 556,
        "dilutedEPS": -0.96,
        "ebit": 611,
        "grossIncome": 1759,
        "interestIncomeExpense": -1252,
        "netIncome": -531,
        "netIncomeAfterTaxes": -536,
        "nonRecurringItems": -86,
        "period": "2022-06-30",
        "pretaxIncome": -727,
        "provisionforIncomeTaxes": -191,
        "researchDevelopment": 344,
        "revenue": 2422,
        "sgaExpense": 803,
        "totalOperatingExpense": 1148
      },
      {
        "costOfGoodsSold": 689,
        "depreciationAmortization": 1,
        "dilutedAverageSharesOutstanding": 587,
        "dilutedEPS": -2.28,
        "ebit": 788,
        "grossIncome": 1794,
        "interestIncomeExpense": -2341,
        "netIncome": -1341,
        "netIncomeAfterTaxes": -1339,
        "nonRecurringItems": -96,
        "period": "2022-03-31",
        "pretaxIncome": -1649,
        "provisionforIncomeTaxes": -310,
        "researchDevelopment": 301,
        "revenue": 2483,
        "sgaExpense": 704,
        "totalOperatingExpense": 1006
      },
      {
        "costOfGoodsSold": 694,
        "depreciationAmortization": 0,
        "dilutedAverageSharesOutstanding": 607,
        "dilutedEPS": 3.24,
        "ebit": 810,
        "grossIncome": 1919,
        "interestIncomeExpense": -1849,
        "netIncome": 1969,
        "netIncomeAfterTaxes": -893,
        "nonRecurringItems": -122,
        "period": "2021-12-31",
        "pretaxIncome": -1161,
        "provisionforIncomeTaxes": -268,
        "researchDevelopment": 337,
        "revenue": 2613,
        "sgaExpense": 772,
        "totalOperatingExpense": 1109
      },
      {
        "costOfGoodsSold": 678,
        "depreciationAmortization": 0,
        "dilutedAverageSharesOutstanding": 658,
        "dilutedEPS": 0.4,
        "ebit": 777,
        "grossIncome": 1823,
        "interestIncomeExpense": -228,
        "netIncome": 264,
        "netIncomeAfterTaxes": 283,
        "nonRecurringItems": -115,
        "period": "2021-09-30",
        "pretaxIncome": 434,
        "provisionforIncomeTaxes": 151,
        "researchDevelopment": 334,
        "revenue": 2501,
        "sgaExpense": 712,
        "totalOperatingExpense": 1046
      },
      {
        "costOfGoodsSold": 672,
        "depreciationAmortization": 2,
        "dilutedAverageSharesOutstanding": 685,
        "dilutedEPS": 15.67,
        "ebit": 838,
        "grossIncome": 1996,
        "interestIncomeExpense": -331,
        "netIncome": 10734,
        "netIncomeAfterTaxes": 294,
        "nonRecurringItems": -106,
        "period": "2021-06-30",
        "pretaxIncome": 401,
        "provisionforIncomeTaxes": 107,
        "researchDevelopment": 350,
        "revenue": 2668,
        "sgaExpense": 806,
        "totalOperatingExpense": 1158
      },
      {
        "costOfGoodsSold": 606,
        "depreciationAmortization": 7,
        "dilutedAverageSharesOutstanding": 693,
        "dilutedEPS": 0.92,
        "ebit": 929,
        "grossIncome": 2032,
        "interestIncomeExpense": -117,
        "netIncome": 641,
        "netIncomeAfterTaxes": 568,
        "nonRecurringItems": -88,
        "period": "2021-03-31",
        "pretaxIncome": 724,
        "provisionforIncomeTaxes": 156,
        "researchDevelopment": 304,
        "revenue": 2638,
        "sgaExpense": 792,
        "totalOperatingExpense": 1103
      },
      {
        "costOfGoodsSold": 548,
        "depreciationAmortization": 7,
        "dilutedAverageSharesOutstanding": 697,
        "dilutedEPS": 1.21,
        "ebit": 749,
        "grossIncome": 1930,
        "interestIncomeExpense": 433,
        "netIncome": 845,
        "netIncomeAfterTaxes": 772,
        "nonRecurringItems": -88,
        "period": "2020-12-31",
        "pretaxIncome": 1094,
        "provisionforIncomeTaxes": 322,
        "researchDevelopment": 283,
        "revenue": 2478,
        "sgaExpense": 891,
        "totalOperatingExpense": 1181
      },
      {
        "costOfGoodsSold": 478,
        "depreciationAmortization": 6,
        "dilutedAverageSharesOutstanding": 708,
        "dilutedEPS": 0.93,
        "ebit": 725,
        "grossIncome": 1780,
        "interestIncomeExpense": 94,
        "netIncome": 664,
        "netIncomeAfterTaxes": 605,
        "nonRecurringItems": -63,
        "period": "2020-09-30",
        "pretaxIncome": 756,
        "provisionforIncomeTaxes": 151,
        "researchDevelopment": 271,
        "revenue": 2258,
        "sgaExpense": 778,
        "totalOperatingExpense": 1055
      },
      {
        "costOfGoodsSold": 417,
        "depreciationAmortization": 7,
        "dilutedAverageSharesOutstanding": 711,
        "dilutedEPS": 1.04,
        "ebit": 857,
        "grossIncome": 1920,
        "interestIncomeExpense": 181,
        "netIncome": 746,
        "netIncomeAfterTaxes": 689,
        "nonRecurringItems": -93,
        "period": "2020-06-30",
        "pretaxIncome": 945,
        "provisionforIncomeTaxes": 256,
        "researchDevelopment": 256,
        "revenue": 2337,
        "sgaExpense": 800,
        "totalOperatingExpense": 1063
      },
      {
        "costOfGoodsSold": 354,
        "depreciationAmortization": 7,
        "dilutedAverageSharesOutstanding": 722.5,
        "dilutedEPS": 4.72,
        "ebit": 649,
        "grossIncome": 1467,
        "interestIncomeExpense": 1,
        "netIncome": 3412,
        "netIncomeAfterTaxes": 421,
        "nonRecurringItems": -100,
        "period": "2020-03-31",
        "pretaxIncome": 550,
        "provisionforIncomeTaxes": 129,
        "researchDevelopment": 218,
        "revenue": 1821,
        "sgaExpense": 593,
        "totalOperatingExpense": 818
      },
      {
        "costOfGoodsSold": 556,
        "depreciationAmortization": 7,
        "dilutedAverageSharesOutstanding": 814,
        "dilutedEPS": 0.68,
        "ebit": 478,
        "grossIncome": 1680,
        "interestIncomeExpense": 16,
        "netIncome": 556,
        "netIncomeAfterTaxes": 469,
        "nonRecurringItems": 0,
        "otherOperatingExpensesTotal": 68,
        "period": "2019-12-31",
        "pretaxIncome": 494,
        "provisionforIncomeTaxes": 25,
        "researchDevelopment": 241,
        "revenue": 2236,
        "sgaExpense": 886,
        "totalOperatingExpense": 1202
      },
      {
        "costOfGoodsSold": 530,
        "depreciationAmortization": 7,
        "dilutedAverageSharesOutstanding": 837,
        "dilutedEPS": 0.37,
        "ebit": 406,
        "grossIncome": 1553,
        "interestIncomeExpense": -142,
        "netIncome": 310,
        "netIncomeAfterTaxes": 210,
        "nonRecurringItems": 2,
        "otherOperatingExpensesTotal": 68,
        "period": "2019-09-30",
        "pretaxIncome": 266,
        "provisionforIncomeTaxes": 56,
        "researchDevelopment": 243,
        "revenue": 2083,
        "sgaExpense": 829,
        "totalOperatingExpense": 1147
      },
      {
        "costOfGoodsSold": 511,
        "depreciationAmortization": 3,
        "dilutedAverageSharesOutstanding": 808.4,
        "dilutedEPS": 0.49,
        "ebit": 385,
        "grossIncome": 1393,
        "interestIncomeExpense": -50,
        "netIncome": 402,
        "netIncomeAfterTaxes": 321,
        "nonRecurringItems": -3,
        "otherOperatingExpensesTotal": 59,
        "period": "2019-06-30",
        "pretaxIncome": 332,
        "provisionforIncomeTaxes": 11,
        "researchDevelopment": 220,
        "revenue": 1904,
        "sgaExpense": 726,
        "totalOperatingExpense": 1008
      },
      {
        "costOfGoodsSold": 539,
        "depreciationAmortization": 11,
        "dilutedAverageSharesOutstanding": 908,
        "dilutedEPS": 0.57,
        "ebit": 631,
        "grossIncome": 1874,
        "interestIncomeExpense": 64,
        "netIncome": 518,
        "netIncomeAfterTaxes": 516,
        "nonRecurringItems": -38,
        "otherOperatingExpensesTotal": 67,
        "period": "2019-03-31",
        "pretaxIncome": 657,
        "provisionforIncomeTaxes": 141,
        "researchDevelopment": 272,
        "revenue": 2413,
        "sgaExpense": 893,
        "totalOperatingExpense": 1243
      },
      {
        "costOfGoodsSold": 618,
        "depreciationAmortization": 13,
        "dilutedAverageSharesOutstanding": 949,
        "dilutedEPS": 0.8,
        "ebit": 681,
        "grossIncome": 2259,
        "interestIncomeExpense": -165,
        "netIncome": 760,
        "netIncomeAfterTaxes": 300,
        "otherOperatingExpensesTotal": 83,
        "period": "2018-12-31",
        "pretaxIncome": 516,
        "provisionforIncomeTaxes": 216,
        "researchDevelopment": 292,
        "revenue": 2877,
        "sgaExpense": 1190,
        "totalOperatingExpense": 1578
      },
      {
        "costOfGoodsSold": 608,
        "depreciationAmortization": 13,
        "dilutedAverageSharesOutstanding": 983,
        "dilutedEPS": 0.73,
        "ebit": 556,
        "grossIncome": 2041,
        "interestIncomeExpense": 392,
        "netIncome": 721,
        "netIncomeAfterTaxes": 720,
        "otherOperatingExpensesTotal": 65,
        "period": "2018-09-30",
        "pretaxIncome": 948,
        "provisionforIncomeTaxes": 228,
        "researchDevelopment": 307,
        "revenue": 2649,
        "sgaExpense": 1100,
        "totalOperatingExpense": 1485
      },
      {
        "costOfGoodsSold": 597,
        "depreciationAmortization": 13,
        "dilutedAverageSharesOutstanding": 1004,
        "dilutedEPS": 0.64,
        "ebit": 406,
        "grossIncome": 2043,
        "interestIncomeExpense": 301,
        "netIncome": 642,
        "netIncomeAfterTaxes": 638,
        "otherOperatingExpensesTotal": 66,
        "period": "2018-06-30",
        "pretaxIncome": 707,
        "provisionforIncomeTaxes": 69,
        "researchDevelopment": 352,
        "revenue": 2640,
        "sgaExpense": 1206,
        "totalOperatingExpense": 1637
      },
      {
        "costOfGoodsSold": 559,
        "depreciationAmortization": 10,
        "dilutedAverageSharesOutstanding": 1029,
        "dilutedEPS": 0.4,
        "ebit": 579,
        "grossIncome": 2021,
        "interestIncomeExpense": -32,
        "netIncome": 407,
        "netIncomeAfterTaxes": 407,
        "otherOperatingExpensesTotal": 72,
        "period": "2018-03-31",
        "pretaxIncome": 547,
        "provisionforIncomeTaxes": 140,
        "researchDevelopment": 334,
        "revenue": 2580,
        "sgaExpense": 1026,
        "totalOperatingExpense": 1442
      },
      {
        "costOfGoodsSold": 590,
        "depreciationAmortization": 10,
        "dilutedAverageSharesOutstanding": 1034,
        "dilutedEPS": -2.51,
        "ebit": 663,
        "grossIncome": 2117,
        "interestIncomeExpense": -102,
        "netIncome": -2601,
        "netIncomeAfterTaxes": 503,
        "otherOperatingExpensesTotal": 79,
        "period": "2017-12-31",
        "pretaxIncome": 561,
        "provisionforIncomeTaxes": 58,
        "researchDevelopment": 317,
        "revenue": 2707,
        "sgaExpense": 1048,
        "totalOperatingExpense": 1454
      },
      {
        "costOfGoodsSold": 557,
        "depreciationAmortization": 10,
        "dilutedAverageSharesOutstanding": 1078,
        "dilutedEPS": 0.48,
        "ebit": 574,
        "grossIncome": 1941,
        "interestIncomeExpense": 120,
        "netIncome": 520,
        "netIncomeAfterTaxes": 520,
        "otherOperatingExpensesTotal": 68,
        "period": "2017-09-30",
        "pretaxIncome": 694,
        "provisionforIncomeTaxes": 174,
        "researchDevelopment": 316,
        "revenue": 2498,
        "sgaExpense": 973,
        "totalOperatingExpense": 1367
      },
      {
        "costOfGoodsSold": 560,
        "depreciationAmortization": 9,
        "dilutedAverageSharesOutstanding": 1091,
        "dilutedEPS": 0.03,
        "ebit": 480,
        "grossIncome": 1859,
        "interestIncomeExpense": -18,
        "netIncome": 29,
        "netIncomeAfterTaxes": 29,
        "otherOperatingExpensesTotal": 63,
        "period": "2017-06-30",
        "pretaxIncome": 462,
        "provisionforIncomeTaxes": 433,
        "researchDevelopment": 313,
        "revenue": 2419,
        "sgaExpense": 994,
        "totalOperatingExpense": 1379
      },
      {
        "costOfGoodsSold": 514,
        "depreciationAmortization": 9,
        "dilutedAverageSharesOutstanding": 1102,
        "dilutedEPS": 0.94,
        "ebit": 547,
        "grossIncome": 1789,
        "interestIncomeExpense": 11,
        "netIncome": 1035,
        "netIncomeAfterTaxes": 1035,
        "otherOperatingExpensesTotal": 62,
        "period": "2017-03-31",
        "pretaxIncome": 558,
        "provisionforIncomeTaxes": -477,
        "researchDevelopment": 278,
        "revenue": 2303,
        "sgaExpense": 893,
        "totalOperatingExpense": 1242
      },
      {
        "costOfGoodsSold": 536,
        "depreciationAmortization": 10,
        "dilutedAverageSharesOutstanding": 1117,
        "dilutedEPS": 5.32,
        "ebit": 638,
        "grossIncome": 2178,
        "interestIncomeExpense": 1366,
        "netIncome": 5936,
        "netIncomeAfterTaxes": 5948,
        "otherOperatingExpensesTotal": 59,
        "period": "2016-12-31",
        "pretaxIncome": 2004,
        "provisionforIncomeTaxes": -3944,
        "researchDevelopment": 292,
        "revenue": 2714,
        "sgaExpense": 1179,
        "totalOperatingExpense": 1540
      },
      {
        "costOfGoodsSold": 498,
        "depreciationAmortization": 9,
        "dilutedAverageSharesOutstanding": 1139,
        "dilutedEPS": 0.37,
        "ebit": 542,
        "grossIncome": 1719,
        "interestIncomeExpense": -9,
        "netIncome": 413,
        "netIncomeAfterTaxes": 418,
        "otherOperatingExpensesTotal": 56,
        "period": "2016-09-30",
        "pretaxIncome": 533,
        "provisionforIncomeTaxes": 115,
        "researchDevelopment": 288,
        "revenue": 2217,
        "sgaExpense": 824,
        "totalOperatingExpense": 1177
      },
      {
        "costOfGoodsSold": 493,
        "depreciationAmortization": 7,
        "dilutedAverageSharesOutstanding": 1149,
        "dilutedEPS": 0.38,
        "ebit": 531,
        "grossIncome": 1737,
        "interestIncomeExpense": -8,
        "netIncome": 435,
        "netIncomeAfterTaxes": 437,
        "otherOperatingExpensesTotal": 64,
        "period": "2016-06-30",
        "pretaxIncome": 523,
        "provisionforIncomeTaxes": 86,
        "researchDevelopment": 295,
        "revenue": 2230,
        "sgaExpense": 840,
        "totalOperatingExpense": 1206
      },
      {
        "costOfGoodsSold": 477,
        "depreciationAmortization": 8,
        "dilutedAverageSharesOutstanding": 1170,
        "dilutedEPS": 0.41,
        "ebit": 614,
        "grossIncome": 1660,
        "interestIncomeExpense": -23,
        "netIncome": 482,
        "netIncomeAfterTaxes": 482,
        "otherOperatingExpensesTotal": 52,
        "period": "2016-03-31",
        "pretaxIncome": 591,
        "provisionforIncomeTaxes": 109,
        "researchDevelopment": 239,
        "revenue": 2137,
        "sgaExpense": 747,
        "totalOperatingExpense": 1046
      },
      {
        "costOfGoodsSold": 493,
        "depreciationAmortization": 11,
        "dilutedAverageSharesOutstanding": 1202,
        "dilutedEPS": 0.39,
        "ebit": 662,
        "grossIncome": 1829,
        "interestIncomeExpense": -12,
        "netIncome": 477,
        "netIncomeAfterTaxes": 523,
        "nonRecurringItems": 0,
        "otherOperatingExpensesTotal": 72,
        "period": "2015-12-31",
        "pretaxIncome": 650,
        "provisionforIncomeTaxes": 127,
        "researchDevelopment": 229,
        "revenue": 2322,
        "sgaExpense": 855,
        "totalOperatingExpense": 1167
      },
      {
        "costOfGoodsSold": 433,
        "depreciationAmortization": 10,
        "dilutedAverageSharesOutstanding": 1223,
        "dilutedEPS": 0.45,
        "ebit": 528,
        "grossIncome": 1666,
        "interestIncomeExpense": 87,
        "netIncome": 539,
        "netIncomeAfterTaxes": 545,
        "nonRecurringItems": 50,
        "otherOperatingExpensesTotal": 65,
        "period": "2015-09-30",
        "pretaxIncome": 665,
        "provisionforIncomeTaxes": 120,
        "researchDevelopment": 241,
        "revenue": 2099,
        "sgaExpense": 822,
        "totalOperatingExpense": 1138
      }
    ],
    "symbol": "EBAY"
  }
}