{
  "symbol": "PYPL",
  "statement": "ic",
  "frequency": "annual",
  "timestamp": "2025-09-19T14:05:22.719647",
  "data": {
    "financials": [
      {
        "costOfGoodsSold": 18907,
        "dilutedAverageSharesOutstanding": 1039,
        "dilutedEPS": 3.99,
        "ebit": 5763,
        "grossIncome": 12890,
        "interestExpense": 382,
        "interestIncomeExpense": -5,
        "netIncome": 4147,
        "netIncomeAfterTaxes": 4147,
        "nonRecurringItems": -438,
        "period": "2024-12-31",
        "pretaxIncome": 5329,
        "provisionforIncomeTaxes": 1182,
        "researchDevelopment": 2979,
        "revenue": 31797,
        "sgaExpense": 4148,
        "totalOperatingExpense": 7127,
        "totalOtherIncomeExpenseNet": 9,
        "year": 2024
      },
      {
        "costOfGoodsSold": 17986,
        "dilutedAverageSharesOutstanding": 1107,
        "dilutedEPS": 3.84,
        "ebit": 4944,
        "grossIncome": 11785,
        "interestExpense": 347,
        "interestIncomeExpense": 334,
        "netIncome": 4246,
        "netIncomeAfterTaxes": 4246,
        "nonRecurringItems": 84,
        "otherOperatingExpensesTotal": 761,
        "period": "2023-12-31",
        "pretaxIncome": 5411,
        "provisionforIncomeTaxes": 1165,
        "researchDevelopment": 2212,
        "revenue": 29771,
        "sgaExpense": 3868,
        "totalOperatingExpense": 6841,
        "totalOtherIncomeExpenseNet": 49,
        "year": 2023
      },
      {
        "costOfGoodsSold": 15865,
        "dilutedAverageSharesOutstanding": 1158,
        "dilutedEPS": 2.09,
        "ebit": 4044,
        "grossIncome": 11653,
        "interestExpense": 304,
        "interestIncomeExpense": -434,
        "netIncome": 2419,
        "netIncomeAfterTaxes": 2419,
        "nonRecurringItems": -207,
        "otherOperatingExpensesTotal": 1041,
        "period": "2022-12-31",
        "pretaxIncome": 3366,
        "provisionforIncomeTaxes": 947,
        "researchDevelopment": 2212,
        "revenue": 27518,
        "sgaExpense": 4356,
        "totalOperatingExpense": 7609,
        "totalOtherIncomeExpenseNet": -37,
        "year": 2022
      },
      {
        "costOfGoodsSold": 13450,
        "dilutedAverageSharesOutstanding": 1186,
        "dilutedEPS": 3.52,
        "ebit": 4324,
        "grossIncome": 11921,
        "interestExpense": 232,
        "interestIncomeExpense": -129,
        "netIncome": 4169,
        "netIncomeAfterTaxes": 4169,
        "nonRecurringItems": -62,
        "otherOperatingExpensesTotal": 923,
        "period": "2021-12-31",
        "pretaxIncome": 4099,
        "provisionforIncomeTaxes": -70,
        "researchDevelopment": 2115,
        "revenue": 25371,
        "sgaExpense": 4559,
        "totalOperatingExpense": 7597,
        "totalOtherIncomeExpenseNet": -34,
        "year": 2021
      },
      {
        "costOfGoodsSold": 11453,
        "dilutedAverageSharesOutstanding": 1187,
        "dilutedEPS": 3.54,
        "ebit": 3428,
        "grossIncome": 10001,
        "interestExpense": 209,
        "interestIncomeExpense": 1793,
        "netIncome": 4202,
        "netIncomeAfterTaxes": 4202,
        "nonRecurringItems": -139,
        "otherOperatingExpensesTotal": 713,
        "period": "2020-12-31",
        "pretaxIncome": 5065,
        "provisionforIncomeTaxes": 863,
        "researchDevelopment": 1929,
        "revenue": 21454,
        "sgaExpense": 3931,
        "totalOperatingExpense": 6573,
        "totalOtherIncomeExpenseNet": -17,
        "year": 2020
      },
      {
        "costOfGoodsSold": 9785,
        "dilutedAverageSharesOutstanding": 1188,
        "dilutedEPS": 2.07,
        "ebit": 2790,
        "grossIncome": 7987,
        "interestExpense": 115,
        "interestIncomeExpense": 314,
        "netIncome": 2459,
        "netIncomeAfterTaxes": 2459,
        "nonRecurringItems": -71,
        "otherOperatingExpensesTotal": 565,
        "period": "2019-12-31",
        "pretaxIncome": 2998,
        "provisionforIncomeTaxes": 539,
        "researchDevelopment": 1520,
        "revenue": 17772,
        "sgaExpense": 3112,
        "totalOperatingExpense": 5197,
        "totalOtherIncomeExpenseNet": -35,
        "year": 2019
      },
      {
        "costOfGoodsSold": 8337,
        "depreciationAmortization": 776,
        "dilutedAverageSharesOutstanding": 1203,
        "dilutedEPS": 1.7,
        "ebit": 2503,
        "grossIncome": 7114,
        "interestExpense": 77,
        "interestIncomeExpense": 129,
        "netIncome": 2057,
        "netIncomeAfterTaxes": 2077,
        "nonRecurringItems": -309,
        "period": "2018-12-31",
        "pretaxIncome": 2376,
        "provisionforIncomeTaxes": 299,
        "researchDevelopment": 1071,
        "revenue": 15451,
        "sgaExpense": 2764,
        "totalOperatingExpense": 4611,
        "totalOtherIncomeExpenseNet": 53,
        "year": 2018
      },
      {
        "costOfGoodsSold": 6794,
        "depreciationAmortization": 775,
        "dilutedAverageSharesOutstanding": 1221,
        "dilutedEPS": 1.47,
        "ebit": 2289,
        "grossIncome": 6300,
        "interestExpense": 7,
        "interestIncomeExpense": 24,
        "netIncome": 1795,
        "netIncomeAfterTaxes": 1975,
        "nonRecurringItems": -162,
        "period": "2017-12-31",
        "pretaxIncome": 2200,
        "provisionforIncomeTaxes": 225,
        "researchDevelopment": 953,
        "revenue": 13094,
        "sgaExpense": 2283,
        "totalOperatingExpense": 4011,
        "totalOtherIncomeExpenseNet": 49,
        "year": 2017
      },
      {
        "costOfGoodsSold": 5701,
        "depreciationAmortization": 724,
        "dilutedAverageSharesOutstanding": 1218,
        "dilutedEPS": 1.15,
        "ebit": 1586,
        "grossIncome": 5141,
        "interestExpense": 3,
        "interestIncomeExpense": 132,
        "netIncome": 1401,
        "netIncomeAfterTaxes": 1401,
        "nonRecurringItems": 0,
        "period": "2016-12-31",
        "pretaxIncome": 1631,
        "provisionforIncomeTaxes": 230,
        "researchDevelopment": 834,
        "revenue": 10842,
        "sgaExpense": 1997,
        "totalOperatingExpense": 3555,
        "totalOtherIncomeExpenseNet": -87,
        "year": 2016
      },
      {
        "costOfGoodsSold": 4529,
        "depreciationAmortization": 608,
        "dilutedAverageSharesOutstanding": 1229,
        "dilutedEPS": 1,
        "ebit": 1509,
        "grossIncome": 4719,
        "interestIncomeExpense": 17,
        "netIncome": 1228,
        "netIncomeAfterTaxes": 1228,
        "nonRecurringItems": -48,
        "period": "2015-12-31",
        "pretaxIncome": 1488,
        "provisionforIncomeTaxes": 260,
        "researchDevelopment": 792,
        "revenue": 9248,
        "sgaExpense": 1810,
        "totalOperatingExpense": 3210,
        "totalOtherIncomeExpenseNet": 10,
        "year": 2015
      }
    ],
    "symbol": "PYPL"
  }
}