{
  "symbol": "J",
  "statement": "ic",
  "frequency": "quarterly",
  "timestamp": "2025-09-19T14:02:29.661032",
  "data": {
    "financials": [
      {
        "costOfGoodsSold": 2273.358,
        "dilutedAverageSharesOutstanding": 120.491,
        "dilutedEPS": 1.559,
        "ebit": 269.148,
        "grossIncome": 758.41,
        "interestExpense": 37.051,
        "interestIncomeExpense": -28.754,
        "minorityInterest": -10.118,
        "netIncome": 186.21,
        "netIncomeAfterTaxes": 191.352,
        "nonRecurringItems": -34.134,
        "period": "2025-06-27",
        "pretaxIncome": 245.104,
        "provisionforIncomeTaxes": 53.752,
        "revenue": 3031.768,
        "sgaExpense": 489.262,
        "totalOperatingExpense": 489.262,
        "totalOtherIncomeExpenseNet": 38.844
      },
      {
        "costOfGoodsSold": 2172.07,
        "dilutedAverageSharesOutstanding": 122.624,
        "dilutedEPS": 0.05,
        "ebit": 232.572,
        "grossIncome": 738.345,
        "interestExpense": 38.58,
        "interestIncomeExpense": -29.055,
        "minorityInterest": 5.915,
        "netIncome": 6.856,
        "netIncomeAfterTaxes": 5.247,
        "nonRecurringItems": -44.434,
        "period": "2025-03-28",
        "pretaxIncome": 55.823,
        "provisionforIncomeTaxes": 50.576,
        "revenue": 2910.415,
        "sgaExpense": 505.773,
        "totalOperatingExpense": 505.773,
        "totalOtherIncomeExpenseNet": -103.26
      },
      {
        "costOfGoodsSold": 2211.689,
        "dilutedAverageSharesOutstanding": 124.055,
        "dilutedEPS": -0.1013,
        "ebit": 224.514,
        "grossIncome": 721.267,
        "interestExpense": 34.82,
        "interestIncomeExpense": -25.164,
        "minorityInterest": -13.127,
        "netIncome": -13.562,
        "netIncomeAfterTaxes": -4.002,
        "nonRecurringItems": -16.096,
        "period": "2024-12-27",
        "pretaxIncome": 53.147,
        "provisionforIncomeTaxes": 57.149,
        "revenue": 2932.956,
        "sgaExpense": 496.753,
        "totalOperatingExpense": 496.753,
        "totalOtherIncomeExpenseNet": -130.107
      },
      {
        "costOfGoodsSold": 3314.8,
        "dilutedAverageSharesOutstanding": 125.616,
        "dilutedEPS": 1.1657,
        "ebit": 328.718,
        "grossIncome": 916.78,
        "interestExpense": 45.789,
        "interestIncomeExpense": -35.48,
        "minorityInterest": -11.962,
        "netIncome": 146.914,
        "netIncomeAfterTaxes": 158.411,
        "nonRecurringItems": -68.254,
        "period": "2024-06-28",
        "pretaxIncome": 226.15,
        "provisionforIncomeTaxes": 67.739,
        "revenue": 4231.58,
        "sgaExpense": 588.062,
        "totalOperatingExpense": 588.062,
        "totalOtherIncomeExpenseNet": 1.166
      },
      {
        "costOfGoodsSold": 3364.478,
        "dilutedAverageSharesOutstanding": 126.211,
        "dilutedEPS": 1.2905,
        "ebit": 333.243,
        "grossIncome": 904.615,
        "interestExpense": 44.232,
        "interestIncomeExpense": -34.827,
        "minorityInterest": -11.422,
        "netIncome": 162.112,
        "netIncomeAfterTaxes": 174.302,
        "nonRecurringItems": -52.255,
        "period": "2024-03-29",
        "pretaxIncome": 241.585,
        "provisionforIncomeTaxes": 67.283,
        "revenue": 4269.093,
        "sgaExpense": 571.372,
        "totalOperatingExpense": 571.372,
        "totalOtherIncomeExpenseNet": -4.576
      },
      {
        "costOfGoodsSold": 3308.687,
        "dilutedAverageSharesOutstanding": 126.813,
        "dilutedEPS": 1.3717,
        "ebit": 259.381,
        "grossIncome": 850.538,
        "interestExpense": 43.35,
        "interestIncomeExpense": -35.119,
        "minorityInterest": -9.844,
        "netIncome": 173.376,
        "netIncomeAfterTaxes": 182.028,
        "nonRecurringItems": -55.318,
        "period": "2023-12-29",
        "pretaxIncome": 165.749,
        "provisionforIncomeTaxes": -16.279,
        "revenue": 4159.225,
        "sgaExpense": 591.157,
        "totalOperatingExpense": 591.157,
        "totalOtherIncomeExpenseNet": -3.195
      },
      {
        "costOfGoodsSold": 3377.146,
        "dilutedAverageSharesOutstanding": 126.863,
        "dilutedEPS": 1.246,
        "ebit": 345.583,
        "grossIncome": 911.566,
        "interestExpense": 43.608,
        "interestIncomeExpense": -36.085,
        "minorityInterest": -17.616,
        "netIncome": 157.72,
        "netIncomeAfterTaxes": 167.349,
        "nonRecurringItems": -67.754,
        "otherOperatingExpensesTotal": -31.354,
        "period": "2023-09-29",
        "pretaxIncome": 240.201,
        "provisionforIncomeTaxes": 72.852,
        "revenue": 4288.712,
        "sgaExpense": 597.337,
        "totalOperatingExpense": 565.983,
        "totalOtherIncomeExpenseNet": -1.543
      },
      {
        "costOfGoodsSold": 3330,
        "dilutedAverageSharesOutstanding": 127.1,
        "dilutedEPS": 1.29,
        "ebit": 304.9,
        "grossIncome": 856.7,
        "interestExpense": 43.787,
        "interestIncomeExpense": -36,
        "minorityInterest": -8.6,
        "netIncome": 164.2,
        "netIncomeAfterTaxes": 172.5,
        "nonRecurringItems": -35.2,
        "otherOperatingExpensesTotal": 4.6,
        "period": "2023-06-30",
        "pretaxIncome": 226.7,
        "provisionforIncomeTaxes": 54.2,
        "revenue": 4186.7,
        "sgaExpense": 547.2,
        "totalOperatingExpense": 551.8,
        "totalOtherIncomeExpenseNet": -7.1
      },
      {
        "costOfGoodsSold": 3188,
        "dilutedAverageSharesOutstanding": 127.4,
        "dilutedEPS": 1.7,
        "ebit": 309.1,
        "grossIncome": 890.3,
        "interestExpense": 40.613,
        "interestIncomeExpense": -33,
        "minorityInterest": -16.7,
        "netIncome": 216.5,
        "netIncomeAfterTaxes": 233.3,
        "nonRecurringItems": -19.2,
        "otherOperatingExpensesTotal": 4.4,
        "period": "2023-03-31",
        "pretaxIncome": 252.3,
        "provisionforIncomeTaxes": 19.1,
        "revenue": 4078.3,
        "sgaExpense": 576.9,
        "totalOperatingExpense": 581.3,
        "totalOtherIncomeExpenseNet": -4.6
      },
      {
        "costOfGoodsSold": 2984,
        "dilutedAverageSharesOutstanding": 127.5,
        "dilutedEPS": 1.07,
        "ebit": 278.1,
        "grossIncome": 814.7,
        "interestExpense": 40.077,
        "interestIncomeExpense": -37.1,
        "minorityInterest": -11,
        "netIncome": 135.6,
        "netIncomeAfterTaxes": 147.4,
        "nonRecurringItems": -40.3,
        "otherOperatingExpensesTotal": -4.4,
        "period": "2022-12-30",
        "pretaxIncome": 197.5,
        "provisionforIncomeTaxes": 50.1,
        "revenue": 3798.7,
        "sgaExpense": 541,
        "totalOperatingExpense": 536.6,
        "totalOtherIncomeExpenseNet": -3.3
      },
      {
        "costOfGoodsSold": 3045.4,
        "dilutedAverageSharesOutstanding": 128.6,
        "dilutedEPS": 1.75,
        "ebit": 295.4,
        "grossIncome": 835.7,
        "interestExpense": 32.636,
        "interestIncomeExpense": -31.1,
        "minorityInterest": -15.8,
        "netIncome": 225.2,
        "netIncomeAfterTaxes": 240.5,
        "nonRecurringItems": 13.1,
        "otherOperatingExpensesTotal": 3.9,
        "period": "2022-09-30",
        "pretaxIncome": 279.9,
        "provisionforIncomeTaxes": 39.4,
        "revenue": 3881,
        "sgaExpense": 536.4,
        "totalOperatingExpense": 540.2,
        "totalOtherIncomeExpenseNet": 2.5
      },
      {
        "costOfGoodsSold": 3002.6,
        "dilutedAverageSharesOutstanding": 128.9,
        "dilutedEPS": 1.52,
        "ebit": 276,
        "grossIncome": 824.5,
        "interestExpense": 26.129,
        "interestIncomeExpense": -25.1,
        "minorityInterest": -16.3,
        "netIncome": 196,
        "netIncomeAfterTaxes": 212.6,
        "nonRecurringItems": -10.2,
        "otherOperatingExpensesTotal": 3.7,
        "period": "2022-07-01",
        "pretaxIncome": 272.1,
        "provisionforIncomeTaxes": 59.5,
        "revenue": 3827.1,
        "sgaExpense": 544.8,
        "totalOperatingExpense": 548.5,
        "totalOtherIncomeExpenseNet": 31.4
      },
      {
        "costOfGoodsSold": 2963.6,
        "dilutedAverageSharesOutstanding": 130,
        "dilutedEPS": 0.68,
        "ebit": 283.5,
        "grossIncome": 870.4,
        "interestExpense": 21.995,
        "interestIncomeExpense": -21.6,
        "minorityInterest": -20.3,
        "netIncome": 88.8,
        "netIncomeAfterTaxes": 109.1,
        "nonRecurringItems": -117.3,
        "otherOperatingExpensesTotal": 3.9,
        "period": "2022-04-01",
        "pretaxIncome": 155.3,
        "provisionforIncomeTaxes": 46.2,
        "revenue": 3834.1,
        "sgaExpense": 583,
        "totalOperatingExpense": 586.9,
        "totalOtherIncomeExpenseNet": 10.7
      },
      {
        "costOfGoodsSold": 2584.2,
        "dilutedAverageSharesOutstanding": 130.3,
        "dilutedEPS": 1.03,
        "ebit": 260.9,
        "grossIncome": 796.5,
        "interestExpense": 19.426,
        "interestIncomeExpense": -17.9,
        "minorityInterest": -18.9,
        "netIncome": 134,
        "netIncomeAfterTaxes": 153.2,
        "nonRecurringItems": -83.6,
        "otherOperatingExpensesTotal": -3.7,
        "period": "2021-12-31",
        "pretaxIncome": 169.1,
        "provisionforIncomeTaxes": 15.9,
        "revenue": 3380.6,
        "sgaExpense": 539.2,
        "totalOperatingExpense": 535.5,
        "totalOtherIncomeExpenseNet": 9.7
      },
      {
        "costOfGoodsSold": 2758.7,
        "dilutedAverageSharesOutstanding": 130.2,
        "dilutedEPS": 0.34,
        "ebit": 284.9,
        "grossIncome": 827.8,
        "interestExpense": 19.926,
        "interestIncomeExpense": 55.9,
        "minorityInterest": -26.2,
        "netIncome": 43.1,
        "netIncomeAfterTaxes": 71,
        "nonRecurringItems": -24.5,
        "otherOperatingExpensesTotal": -2.9,
        "period": "2021-10-01",
        "pretaxIncome": 170.4,
        "provisionforIncomeTaxes": 99.3,
        "revenue": 3586.5,
        "sgaExpense": 545.8,
        "totalOperatingExpense": 542.9,
        "totalOtherIncomeExpenseNet": -146
      },
      {
        "costOfGoodsSold": 2759.5,
        "dilutedAverageSharesOutstanding": 130.4,
        "dilutedEPS": 0.83,
        "ebit": 285,
        "grossIncome": 816.9,
        "interestExpense": 20.011,
        "interestIncomeExpense": -38.3,
        "minorityInterest": -8.8,
        "netIncome": 108.5,
        "netIncomeAfterTaxes": 174.2,
        "nonRecurringItems": 3.7,
        "otherOperatingExpensesTotal": -2.5,
        "period": "2021-07-02",
        "pretaxIncome": 283.4,
        "provisionforIncomeTaxes": 109.2,
        "revenue": 3576.4,
        "sgaExpense": 534.4,
        "totalOperatingExpense": 531.9,
        "totalOtherIncomeExpenseNet": 33
      },
      {
        "costOfGoodsSold": 2780.9,
        "dilutedAverageSharesOutstanding": 130.3,
        "dilutedEPS": 0.08,
        "ebit": 324.3,
        "grossIncome": 767,
        "interestExpense": 15.464,
        "interestIncomeExpense": -58.8,
        "minorityInterest": 91.2,
        "netIncome": 11,
        "netIncomeAfterTaxes": -91.5,
        "nonRecurringItems": -316.2,
        "otherOperatingExpensesTotal": -3.5,
        "period": "2021-04-02",
        "pretaxIncome": -112.3,
        "provisionforIncomeTaxes": -20.8,
        "revenue": 3547.9,
        "sgaExpense": 446.3,
        "totalOperatingExpense": 442.7,
        "totalOtherIncomeExpenseNet": -61.6
      },
      {
        "costOfGoodsSold": 2749.8,
        "dilutedAverageSharesOutstanding": 131.2,
        "dilutedEPS": 1.96,
        "ebit": 239.7,
        "grossIncome": 632.1,
        "interestExpense": 17.313,
        "interestIncomeExpense": -20,
        "minorityInterest": -10,
        "netIncome": 257,
        "netIncomeAfterTaxes": 267.1,
        "nonRecurringItems": 5.9,
        "otherOperatingExpensesTotal": -3.4,
        "period": "2021-01-01",
        "pretaxIncome": 354.1,
        "provisionforIncomeTaxes": 87,
        "revenue": 3381.8,
        "sgaExpense": 395.7,
        "totalOperatingExpense": 392.3,
        "totalOtherIncomeExpenseNet": 128.5
      },
      {
        "costOfGoodsSold": 2854.8,
        "dilutedAverageSharesOutstanding": 131.4,
        "dilutedEPS": 0.62,
        "ebit": 22.5,
        "grossIncome": 664.9,
        "interestExpense": 14.043,
        "interestIncomeExpense": -12.5,
        "minorityInterest": -10.4,
        "netIncome": 82,
        "netIncomeAfterTaxes": 79.9,
        "period": "2020-10-02",
        "pretaxIncome": 60.2,
        "provisionforIncomeTaxes": -19.7,
        "revenue": 3519.7,
        "sgaExpense": 642.5,
        "totalOperatingExpense": 642.4,
        "totalOtherIncomeExpenseNet": 50.2
      },
      {
        "costOfGoodsSold": 2631,
        "dilutedAverageSharesOutstanding": 131.3,
        "dilutedEPS": 1.86,
        "ebit": 194.4,
        "grossIncome": 629,
        "interestExpense": 18.193,
        "interestIncomeExpense": -16.9,
        "minorityInterest": -9.1,
        "netIncome": 244.9,
        "netIncomeAfterTaxes": 236,
        "period": "2020-06-26",
        "pretaxIncome": 303.7,
        "provisionforIncomeTaxes": 67.7,
        "revenue": 3260.1,
        "sgaExpense": 434.7,
        "totalOperatingExpense": 434.7,
        "totalOtherIncomeExpenseNet": 126.2
      },
      {
        "costOfGoodsSold": 2779,
        "dilutedAverageSharesOutstanding": 132.6,
        "dilutedEPS": -0.69,
        "ebit": 167.8,
        "grossIncome": 648.1,
        "interestExpense": 15.153,
        "interestIncomeExpense": -14.2,
        "minorityInterest": -6.3,
        "netIncome": -92.1,
        "netIncomeAfterTaxes": -115.7,
        "period": "2020-03-27",
        "pretaxIncome": -176.8,
        "provisionforIncomeTaxes": -61.1,
        "revenue": 3427.2,
        "sgaExpense": 480.4,
        "totalOperatingExpense": 480.4,
        "totalOtherIncomeExpenseNet": -330.4
      },
      {
        "costOfGoodsSold": 2715.5,
        "dilutedAverageSharesOutstanding": 133.3,
        "dilutedEPS": 1.92,
        "ebit": 151.3,
        "grossIncome": 644.6,
        "interestExpense": 14.817,
        "interestIncomeExpense": -13.9,
        "minorityInterest": -6.3,
        "netIncome": 257,
        "netIncomeAfterTaxes": 185.7,
        "period": "2019-12-27",
        "pretaxIncome": 254.2,
        "provisionforIncomeTaxes": 68.5,
        "revenue": 3360,
        "sgaExpense": 493.2,
        "totalOperatingExpense": 493.2,
        "totalOtherIncomeExpenseNet": 116.7
      },
      {
        "costOfGoodsSold": 2727.3,
        "dilutedAverageSharesOutstanding": 136.1,
        "dilutedEPS": 1.04,
        "ebit": 184.9,
        "grossIncome": 665.5,
        "interestExpense": 10.12,
        "interestIncomeExpense": -7.8,
        "minorityInterest": -7.5,
        "netIncome": 142.3,
        "netIncomeAfterTaxes": 65.9,
        "nonRecurringItems": -85.8,
        "period": "2019-09-27",
        "pretaxIncome": 53.5,
        "provisionforIncomeTaxes": -12.3,
        "revenue": 3392.9,
        "sgaExpense": 480.6,
        "totalOperatingExpense": 480.7,
        "totalOtherIncomeExpenseNet": -37.7
      },
      {
        "costOfGoodsSold": 2543.5,
        "dilutedAverageSharesOutstanding": 137.8,
        "dilutedEPS": 3.8,
        "ebit": 194.6,
        "grossIncome": 626.1,
        "interestExpense": 18.978,
        "interestIncomeExpense": -15.6,
        "minorityInterest": -6,
        "netIncome": 523.8,
        "netIncomeAfterTaxes": 95.4,
        "nonRecurringItems": -104.6,
        "period": "2019-06-28",
        "pretaxIncome": 93.4,
        "provisionforIncomeTaxes": -2,
        "revenue": 3169.6,
        "sgaExpense": 431.6,
        "totalOperatingExpense": 431.6,
        "totalOtherIncomeExpenseNet": 19
      },
      {
        "costOfGoodsSold": 2474.8,
        "dilutedAverageSharesOutstanding": 139.2,
        "dilutedEPS": 0.4,
        "ebit": 200,
        "grossIncome": 616.8,
        "interestExpense": 29.423,
        "interestIncomeExpense": -27.8,
        "minorityInterest": -5,
        "netIncome": 56.6,
        "netIncomeAfterTaxes": 119.8,
        "nonRecurringItems": -97.3,
        "period": "2019-03-29",
        "pretaxIncome": 111.8,
        "provisionforIncomeTaxes": -7.9,
        "revenue": 3091.6,
        "sgaExpense": 416.9,
        "totalOperatingExpense": 416.8,
        "totalOtherIncomeExpenseNet": 36.9
      },
      {
        "costOfGoodsSold": 2515.3,
        "dilutedAverageSharesOutstanding": 140.4,
        "dilutedEPS": 0.88,
        "ebit": 157.5,
        "grossIncome": 568.5,
        "interestExpense": 25.326,
        "interestIncomeExpense": -23.2,
        "minorityInterest": -4.5,
        "netIncome": 124.1,
        "netIncomeAfterTaxes": 69.4,
        "nonRecurringItems": -44.4,
        "period": "2018-12-28",
        "pretaxIncome": 92.2,
        "provisionforIncomeTaxes": 22.8,
        "revenue": 3083.8,
        "sgaExpense": 411,
        "totalOperatingExpense": 411,
        "totalOtherIncomeExpenseNet": 2.3
      },
      {
        "costOfGoodsSold": 2385.6,
        "dilutedAverageSharesOutstanding": 142.2,
        "dilutedEPS": -0.26,
        "ebit": 160.8,
        "grossIncome": 606.2,
        "interestExpense": 26.653,
        "interestIncomeExpense": -24.6,
        "minorityInterest": -4,
        "netIncome": -37.5,
        "netIncomeAfterTaxes": 120.5,
        "period": "2018-09-28",
        "pretaxIncome": 142.4,
        "provisionforIncomeTaxes": 21.9,
        "revenue": 2991.9,
        "sgaExpense": 445.4,
        "totalOperatingExpense": 445.4,
        "totalOtherIncomeExpenseNet": 6.1
      },
      {
        "costOfGoodsSold": 2325,
        "dilutedAverageSharesOutstanding": 143,
        "dilutedEPS": 1.04,
        "ebit": 269.9,
        "grossIncome": 608.6,
        "interestExpense": 23.788,
        "interestIncomeExpense": -22.5,
        "minorityInterest": -2.1,
        "netIncome": 149.6,
        "netIncomeAfterTaxes": 112.6,
        "nonRecurringItems": -107.4,
        "period": "2018-06-29",
        "pretaxIncome": 146.6,
        "provisionforIncomeTaxes": 34.1,
        "revenue": 2933.6,
        "sgaExpense": 338.7,
        "totalOperatingExpense": 338.7,
        "totalOtherIncomeExpenseNet": 6.6
      },
      {
        "costOfGoodsSold": 2268.7,
        "dilutedAverageSharesOutstanding": 142.1,
        "dilutedEPS": 0.34,
        "ebit": 145.3,
        "grossIncome": 601.6,
        "interestExpense": 19.227,
        "interestIncomeExpense": -17.4,
        "minorityInterest": -3.1,
        "netIncome": 48.4,
        "netIncomeAfterTaxes": 37.2,
        "nonRecurringItems": -76.5,
        "period": "2018-03-30",
        "pretaxIncome": 48.7,
        "provisionforIncomeTaxes": 11.5,
        "revenue": 2870.3,
        "sgaExpense": 456.4,
        "totalOperatingExpense": 456.3,
        "totalOtherIncomeExpenseNet": -2.7
      },
      {
        "costOfGoodsSold": 1441.9,
        "dilutedAverageSharesOutstanding": 137.4,
        "dilutedEPS": 0.01,
        "ebit": 11,
        "grossIncome": 342.1,
        "interestExpense": 7.092,
        "interestIncomeExpense": -3.3,
        "minorityInterest": -0.3,
        "netIncome": 2.1,
        "netIncomeAfterTaxes": -4.9,
        "nonRecurringItems": -15.7,
        "period": "2017-12-29",
        "pretaxIncome": -6.7,
        "provisionforIncomeTaxes": -1.8,
        "revenue": 1784,
        "sgaExpense": 331.1,
        "totalOperatingExpense": 331.1,
        "totalOtherIncomeExpenseNet": 1.2
      },
      {
        "costOfGoodsSold": 2179.6,
        "dilutedAverageSharesOutstanding": 121.2,
        "dilutedEPS": 0.78,
        "ebit": 113.6,
        "gainLossOnDispositionOfAssets": 10.9,
        "grossIncome": 474.3,
        "interestExpense": 0.708,
        "interestIncomeExpense": 2.3,
        "minorityInterest": 0.7,
        "netIncome": 94.1,
        "netIncomeAfterTaxes": 93.4,
        "nonRecurringItems": -6.6,
        "period": "2017-09-29",
        "pretaxIncome": 119.5,
        "provisionforIncomeTaxes": 26,
        "revenue": 2653.9,
        "sgaExpense": 360.7,
        "totalOperatingExpense": 360.7,
        "totalOtherIncomeExpenseNet": -0.8
      },
      {
        "costOfGoodsSold": 2055.4,
        "dilutedAverageSharesOutstanding": 121.1,
        "dilutedEPS": 0.74,
        "ebit": 138,
        "grossIncome": 459.4,
        "interestExpense": 4.054,
        "interestIncomeExpense": -1.9,
        "minorityInterest": 0.4,
        "netIncome": 89,
        "netIncomeAfterTaxes": 88.6,
        "nonRecurringItems": -9.5,
        "period": "2017-06-30",
        "pretaxIncome": 127.4,
        "provisionforIncomeTaxes": 38.8,
        "revenue": 2514.8,
        "sgaExpense": 321.4,
        "totalOperatingExpense": 321.4,
        "totalOtherIncomeExpenseNet": 0.9
      },
      {
        "costOfGoodsSold": 1883.3,
        "dilutedAverageSharesOutstanding": 121.7,
        "dilutedEPS": 0.41,
        "ebit": 120.5,
        "grossIncome": 419.3,
        "interestExpense": 3.755,
        "interestIncomeExpense": -1.7,
        "minorityInterest": 5.9,
        "netIncome": 50,
        "netIncomeAfterTaxes": 44.2,
        "nonRecurringItems": -52.3,
        "period": "2017-03-31",
        "pretaxIncome": 60.5,
        "provisionforIncomeTaxes": 16.3,
        "revenue": 2302.6,
        "sgaExpense": 298.8,
        "totalOperatingExpense": 298.8,
        "totalOtherIncomeExpenseNet": -6
      },
      {
        "costOfGoodsSold": 2132.3,
        "dilutedAverageSharesOutstanding": 121.9,
        "dilutedEPS": 0.5,
        "ebit": 120.3,
        "grossIncome": 419.3,
        "interestExpense": 3.518,
        "interestIncomeExpense": -2,
        "minorityInterest": -0.6,
        "netIncome": 60.5,
        "netIncomeAfterTaxes": 61.2,
        "nonRecurringItems": -31.7,
        "period": "2016-12-30",
        "pretaxIncome": 85.9,
        "provisionforIncomeTaxes": 24.7,
        "revenue": 2551.6,
        "sgaExpense": 298.9,
        "totalOperatingExpense": 299,
        "totalOtherIncomeExpenseNet": -0.7
      },
      {
        "costOfGoodsSold": 2208.9,
        "dilutedAverageSharesOutstanding": 121.3,
        "dilutedEPS": 0.24,
        "ebit": 31.6,
        "gainLossOnDispositionOfAssets": 0,
        "grossIncome": 431.7,
        "interestExpense": 4.945,
        "interestIncomeExpense": -2.2,
        "minorityInterest": -0.2,
        "netIncome": 29.6,
        "netIncomeAfterTaxes": 29.9,
        "nonRecurringItems": 9.8,
        "period": "2016-09-30",
        "pretaxIncome": 35.7,
        "provisionforIncomeTaxes": 5.8,
        "revenue": 2640.6,
        "sgaExpense": 400.1,
        "totalOperatingExpense": 400.1,
        "totalOtherIncomeExpenseNet": -3.5
      },
      {
        "costOfGoodsSold": 2242.4,
        "dilutedAverageSharesOutstanding": 121.4,
        "dilutedEPS": 0.57,
        "ebit": 76.8,
        "grossIncome": 451.4,
        "interestExpense": 4.572,
        "interestIncomeExpense": -3.9,
        "minorityInterest": -1.9,
        "netIncome": 69.1,
        "netIncomeAfterTaxes": 70.9,
        "nonRecurringItems": 32.8,
        "period": "2016-07-01",
        "pretaxIncome": 102.8,
        "provisionforIncomeTaxes": 31.9,
        "revenue": 2693.9,
        "sgaExpense": 374.7,
        "totalOperatingExpense": 374.7,
        "totalOtherIncomeExpenseNet": -2.8
      },
      {
        "costOfGoodsSold": 2337.5,
        "dilutedAverageSharesOutstanding": 121.1,
        "dilutedEPS": 0.54,
        "ebit": 51.4,
        "grossIncome": 444.2,
        "interestExpense": 2.2,
        "interestIncomeExpense": 0.1,
        "minorityInterest": 1.9,
        "netIncome": 65.3,
        "netIncomeAfterTaxes": 63.4,
        "nonRecurringItems": 35.4,
        "period": "2016-04-01",
        "pretaxIncome": 90.5,
        "provisionforIncomeTaxes": 27.1,
        "revenue": 2781.8,
        "sgaExpense": 392.8,
        "totalOperatingExpense": 392.9,
        "totalOtherIncomeExpenseNet": 3.6
      },
      {
        "costOfGoodsSold": 2407.5,
        "dilutedAverageSharesOutstanding": 122,
        "dilutedEPS": 0.38,
        "ebit": -8.9,
        "grossIncome": 440.5,
        "interestExpense": 3.543,
        "interestIncomeExpense": -1.3,
        "minorityInterest": -3.8,
        "netIncome": 46.5,
        "netIncomeAfterTaxes": 50.3,
        "nonRecurringItems": 68.4,
        "period": "2016-01-01",
        "pretaxIncome": 57.8,
        "provisionforIncomeTaxes": 7.5,
        "revenue": 2847.9,
        "sgaExpense": 449.4,
        "totalOperatingExpense": 449.4,
        "totalOtherIncomeExpenseNet": -0.3
      },
      {
        "costOfGoodsSold": 2643.6,
        "dilutedAverageSharesOutstanding": 122.7,
        "dilutedEPS": 0.24,
        "ebit": 153.3,
        "gainLossOnDispositionOfAssets": 0,
        "grossIncome": 473.4,
        "interestExpense": 4.129,
        "interestIncomeExpense": -2.4,
        "minorityInterest": -7.4,
        "netIncome": 29.9,
        "netIncomeAfterTaxes": 37.3,
        "nonRecurringItems": -99.5,
        "period": "2015-10-02",
        "pretaxIncome": 49.3,
        "provisionforIncomeTaxes": 12,
        "revenue": 3117,
        "sgaExpense": 320,
        "totalOperatingExpense": 320,
        "totalOtherIncomeExpenseNet": -2.1
      },
      {
        "costOfGoodsSold": 2422.9,
        "dilutedAverageSharesOutstanding": 124.6,
        "dilutedEPS": 0.73,
        "ebit": 144,
        "gainLossOnDispositionOfAssets": 0,
        "grossIncome": 484.6,
        "interestExpense": 5.509,
        "interestIncomeExpense": -3.8,
        "minorityInterest": -6.2,
        "netIncome": 91.1,
        "netIncomeAfterTaxes": 97.3,
        "nonRecurringItems": -43.6,
        "period": "2015-06-26",
        "pretaxIncome": 97.2,
        "provisionforIncomeTaxes": -0.1,
        "revenue": 2907.5,
        "sgaExpense": 340.5,
        "totalOperatingExpense": 340.6,
        "totalOtherIncomeExpenseNet": 0.6
      }
    ],
    "symbol": "J"
  }
}