{
  "symbol": "DTE",
  "statement": "ic",
  "frequency": "quarterly",
  "timestamp": "2025-09-19T13:59:26.004925",
  "data": {
    "financials": [
      {
        "depreciationAmortization": 451,
        "dilutedAverageSharesOutstanding": 207,
        "dilutedEPS": 1.1015,
        "ebit": 426,
        "interestExpense": 256,
        "interestIncomeExpense": -227,
        "netIncome": 228,
        "netIncomeAfterTaxes": 229,
        "nonRecurringItems": 1,
        "operationsMaintenance": 596,
        "otherOperatingExpensesTotal": 127,
        "otherRevenue": 3419,
        "period": "2025-06-30",
        "pretaxIncome": 230,
        "provisionforIncomeTaxes": 1,
        "purchasedFuelPowerGas": 1819,
        "revenue": 3419,
        "totalOperatingExpense": 2993,
        "totalOtherIncomeExpenseNet": 30
      },
      {
        "depreciationAmortization": 452,
        "dilutedAverageSharesOutstanding": 207,
        "dilutedEPS": 2.1449,
        "ebit": 623,
        "interestExpense": 250,
        "interestIncomeExpense": -220,
        "netIncome": 444,
        "netIncomeAfterTaxes": 445,
        "nonRecurringItems": 1,
        "operationsMaintenance": 575,
        "otherOperatingExpensesTotal": 138,
        "otherRevenue": 4440,
        "period": "2025-03-31",
        "pretaxIncome": 427,
        "provisionforIncomeTaxes": -18,
        "purchasedFuelPowerGas": 2652,
        "revenue": 4440,
        "totalOperatingExpense": 3817,
        "totalOtherIncomeExpenseNet": 23
      },
      {
        "depreciationAmortization": 444,
        "dilutedAverageSharesOutstanding": 207,
        "dilutedEPS": 1.4106,
        "ebit": 584,
        "interestExpense": 248,
        "interestIncomeExpense": -235,
        "netIncome": 292,
        "netIncomeAfterTaxes": 292,
        "nonRecurringItems": -29,
        "operationsMaintenance": 582,
        "otherOperatingExpensesTotal": 123,
        "otherRevenue": 3436,
        "period": "2024-12-31",
        "pretaxIncome": 322,
        "provisionforIncomeTaxes": 30,
        "purchasedFuelPowerGas": 1703,
        "revenue": 3436,
        "totalOperatingExpense": 2852,
        "totalOtherIncomeExpenseNet": 2
      },
      {
        "depreciationAmortization": 438,
        "dilutedAverageSharesOutstanding": 207,
        "dilutedEPS": 2.2947,
        "ebit": 517,
        "interestExpense": 252,
        "interestIncomeExpense": -192,
        "netIncome": 475,
        "netIncomeAfterTaxes": 477,
        "nonRecurringItems": 0,
        "operationsMaintenance": 547,
        "otherOperatingExpensesTotal": 119,
        "otherRevenue": 2906,
        "period": "2024-09-30",
        "pretaxIncome": 356,
        "provisionforIncomeTaxes": -121,
        "purchasedFuelPowerGas": 1285,
        "revenue": 2906,
        "totalOperatingExpense": 2389,
        "totalOtherIncomeExpenseNet": 31
      },
      {
        "depreciationAmortization": 427,
        "dilutedAverageSharesOutstanding": 207,
        "dilutedEPS": 1.5556,
        "ebit": 502,
        "interestExpense": 233,
        "interestIncomeExpense": -165,
        "netIncome": 322,
        "netIncomeAfterTaxes": 322,
        "nonRecurringItems": 0,
        "operationsMaintenance": 543,
        "otherOperatingExpensesTotal": 123,
        "otherRevenue": 2875,
        "period": "2024-06-30",
        "pretaxIncome": 358,
        "provisionforIncomeTaxes": 36,
        "purchasedFuelPowerGas": 1280,
        "revenue": 2875,
        "totalOperatingExpense": 2373,
        "totalOtherIncomeExpenseNet": 21
      },
      {
        "depreciationAmortization": 423,
        "dilutedAverageSharesOutstanding": 207,
        "dilutedEPS": 1.5073,
        "ebit": 516,
        "interestExpense": 218,
        "interestIncomeExpense": -208,
        "netIncome": 312,
        "netIncomeAfterTaxes": 313,
        "nonRecurringItems": 1,
        "operationsMaintenance": 590,
        "otherOperatingExpensesTotal": 122,
        "otherRevenue": 3240,
        "period": "2024-03-31",
        "pretaxIncome": 334,
        "provisionforIncomeTaxes": 21,
        "purchasedFuelPowerGas": 1589,
        "revenue": 3240,
        "totalOperatingExpense": 2724,
        "totalOtherIncomeExpenseNet": 25
      },
      {
        "depreciationAmortization": 421,
        "dilutedAverageSharesOutstanding": 206,
        "dilutedEPS": 2.0291,
        "ebit": 683,
        "interestExpense": 208,
        "interestIncomeExpense": -183,
        "netIncome": 418,
        "netIncomeAfterTaxes": 419,
        "nonRecurringItems": -27,
        "operationsMaintenance": 510,
        "otherOperatingExpensesTotal": 112,
        "otherRevenue": 3394,
        "period": "2023-12-31",
        "pretaxIncome": 482,
        "provisionforIncomeTaxes": 63,
        "purchasedFuelPowerGas": 1668,
        "revenue": 3394,
        "totalOperatingExpense": 2711,
        "totalOtherIncomeExpenseNet": 9
      },
      {
        "depreciationAmortization": 404,
        "dilutedAverageSharesOutstanding": 206,
        "dilutedEPS": 1.6117,
        "ebit": 526,
        "interestExpense": 200,
        "interestIncomeExpense": -182,
        "netIncome": 332,
        "netIncomeAfterTaxes": 332,
        "nonRecurringItems": 12,
        "operationsMaintenance": 545,
        "otherOperatingExpensesTotal": 114,
        "otherRevenue": 2888,
        "period": "2023-09-30",
        "pretaxIncome": 354,
        "provisionforIncomeTaxes": 22,
        "purchasedFuelPowerGas": 1299,
        "revenue": 2888,
        "totalOperatingExpense": 2362,
        "totalOtherIncomeExpenseNet": -2
      },
      {
        "depreciationAmortization": 396,
        "dilutedAverageSharesOutstanding": 206,
        "dilutedEPS": 0.9709,
        "ebit": 399,
        "interestExpense": 192,
        "interestIncomeExpense": -179,
        "netIncome": 200,
        "netIncomeAfterTaxes": 201,
        "nonRecurringItems": -2,
        "operationsMaintenance": 505,
        "otherOperatingExpensesTotal": 114,
        "otherRevenue": 2684,
        "period": "2023-06-30",
        "pretaxIncome": 235,
        "provisionforIncomeTaxes": 34,
        "purchasedFuelPowerGas": 1270,
        "revenue": 2684,
        "totalOperatingExpense": 2285,
        "totalOtherIncomeExpenseNet": 17
      },
      {
        "depreciationAmortization": 385,
        "dilutedAverageSharesOutstanding": 206,
        "dilutedEPS": 2.1553,
        "ebit": 651,
        "interestExpense": 191,
        "interestIncomeExpense": -170,
        "netIncome": 444,
        "netIncomeAfterTaxes": 445,
        "nonRecurringItems": 1,
        "operationsMaintenance": 600,
        "otherOperatingExpensesTotal": 122,
        "otherRevenue": 3779,
        "period": "2023-03-31",
        "pretaxIncome": 495,
        "provisionforIncomeTaxes": 50,
        "purchasedFuelPowerGas": 2021,
        "revenue": 3779,
        "totalOperatingExpense": 3128,
        "totalOtherIncomeExpenseNet": 13
      },
      {
        "depreciationAmortization": 375,
        "dilutedAverageSharesOutstanding": 202,
        "dilutedEPS": 1.3069,
        "ebit": 461,
        "interestExpense": 189,
        "interestIncomeExpense": -165,
        "minorityInterest": 0,
        "netIncome": 264,
        "netIncomeAfterTaxes": 265,
        "nonRecurringItems": 1,
        "operationsMaintenance": 597,
        "otherOperatingExpensesTotal": 108,
        "otherRevenue": 4476,
        "period": "2022-12-31",
        "pretaxIncome": 294,
        "provisionforIncomeTaxes": 29,
        "purchasedFuelPowerGas": 2935,
        "revenue": 4476,
        "totalOperatingExpense": 4015,
        "totalOtherIncomeExpenseNet": -3
      },
      {
        "depreciationAmortization": 369,
        "dilutedAverageSharesOutstanding": 194,
        "dilutedEPS": 1.9897,
        "ebit": 546,
        "interestExpense": 171,
        "interestIncomeExpense": -161,
        "minorityInterest": 0,
        "netIncome": 386,
        "netIncomeAfterTaxes": 387,
        "nonRecurringItems": -1,
        "operationsMaintenance": 608,
        "otherOperatingExpensesTotal": 111,
        "otherRevenue": 5251,
        "period": "2022-09-30",
        "pretaxIncome": 393,
        "provisionforIncomeTaxes": 6,
        "purchasedFuelPowerGas": 3617,
        "revenue": 5251,
        "totalOperatingExpense": 4705,
        "totalOtherIncomeExpenseNet": 9
      },
      {
        "depreciationAmortization": 366,
        "dilutedAverageSharesOutstanding": 194,
        "dilutedEPS": 0.1907,
        "ebit": 178,
        "interestExpense": 161,
        "interestIncomeExpense": -157,
        "minorityInterest": 0,
        "netIncome": 37,
        "netIncomeAfterTaxes": 37,
        "nonRecurringItems": 5,
        "operationsMaintenance": 599,
        "otherOperatingExpensesTotal": 115,
        "otherRevenue": 4924,
        "period": "2022-06-30",
        "pretaxIncome": 15,
        "provisionforIncomeTaxes": -22,
        "purchasedFuelPowerGas": 3666,
        "revenue": 4924,
        "totalOperatingExpense": 4746,
        "totalOtherIncomeExpenseNet": -11
      },
      {
        "depreciationAmortization": 358,
        "dilutedAverageSharesOutstanding": 194,
        "dilutedEPS": 2.0258,
        "ebit": 558,
        "interestExpense": 154,
        "interestIncomeExpense": -157,
        "minorityInterest": 0,
        "netIncome": 393,
        "netIncomeAfterTaxes": 394,
        "operationsMaintenance": 596,
        "otherOperatingExpensesTotal": 123,
        "otherRevenue": 4577,
        "period": "2022-03-31",
        "pretaxIncome": 410,
        "provisionforIncomeTaxes": 16,
        "purchasedFuelPowerGas": 2942,
        "revenue": 4577,
        "totalOperatingExpense": 4019,
        "totalOtherIncomeExpenseNet": 9
      },
      {
        "depreciationAmortization": 367,
        "dilutedAverageSharesOutstanding": 194,
        "dilutedEPS": 1.57,
        "ebit": 419,
        "interestExpense": 153,
        "interestIncomeExpense": -132,
        "minorityInterest": 1,
        "netIncome": 305,
        "netIncomeAfterTaxes": 300,
        "nonRecurringItems": -13,
        "operationsMaintenance": 670,
        "otherOperatingExpensesTotal": 102,
        "otherRevenue": 4647,
        "period": "2021-12-31",
        "pretaxIncome": 294,
        "provisionforIncomeTaxes": -6,
        "purchasedFuelPowerGas": 3089,
        "revenue": 4647,
        "totalOperatingExpense": 4228,
        "totalOtherIncomeExpenseNet": 20
      },
      {
        "depreciationAmortization": 344,
        "dilutedAverageSharesOutstanding": 194,
        "dilutedEPS": 0.12,
        "ebit": 407,
        "interestExpense": 156,
        "interestIncomeExpense": -133,
        "minorityInterest": 3,
        "netIncome": 25,
        "netIncomeAfterTaxes": 55,
        "nonRecurringItems": -378,
        "operationsMaintenance": 615,
        "otherOperatingExpensesTotal": 106,
        "otherRevenue": 3715,
        "period": "2021-09-30",
        "pretaxIncome": -64,
        "provisionforIncomeTaxes": -119,
        "purchasedFuelPowerGas": 2243,
        "revenue": 3715,
        "totalOperatingExpense": 3308,
        "totalOtherIncomeExpenseNet": 40
      },
      {
        "depreciationAmortization": 339,
        "dilutedAverageSharesOutstanding": 194,
        "dilutedEPS": 0.91,
        "ebit": 269,
        "interestExpense": 166,
        "interestIncomeExpense": -145,
        "minorityInterest": 3,
        "netIncome": 178,
        "netIncomeAfterTaxes": 114,
        "nonRecurringItems": -35,
        "operationsMaintenance": 568,
        "otherOperatingExpensesTotal": 108,
        "otherRevenue": 3021,
        "period": "2021-06-30",
        "pretaxIncome": 115,
        "provisionforIncomeTaxes": 1,
        "purchasedFuelPowerGas": 1737,
        "revenue": 3021,
        "totalOperatingExpense": 2752,
        "totalOtherIncomeExpenseNet": 26
      },
      {
        "depreciationAmortization": 368,
        "dilutedAverageSharesOutstanding": 194,
        "dilutedEPS": 2.05,
        "ebit": 536,
        "interestExpense": 181,
        "interestIncomeExpense": -140,
        "minorityInterest": 0,
        "netIncome": 397,
        "netIncomeAfterTaxes": 397,
        "nonRecurringItems": 1,
        "operationsMaintenance": 608,
        "otherOperatingExpensesTotal": 122,
        "otherRevenue": 3778,
        "period": "2021-03-31",
        "pretaxIncome": 425,
        "provisionforIncomeTaxes": 28,
        "purchasedFuelPowerGas": 2144,
        "revenue": 3778,
        "totalOperatingExpense": 3242,
        "totalOtherIncomeExpenseNet": 28
      },
      {
        "depreciationAmortization": 384,
        "dilutedAverageSharesOutstanding": 196,
        "dilutedEPS": 1.4,
        "ebit": 461,
        "interestExpense": 69,
        "interestIncomeExpense": -141,
        "minorityInterest": 0,
        "netIncome": 275,
        "netIncomeAfterTaxes": 275,
        "nonRecurringItems": -18,
        "operationsMaintenance": 712,
        "otherOperatingExpensesTotal": 104,
        "otherRevenue": 3288,
        "period": "2020-12-31",
        "pretaxIncome": 324,
        "provisionforIncomeTaxes": 49,
        "purchasedFuelPowerGas": 1627,
        "revenue": 3288,
        "totalOperatingExpense": 2827,
        "totalOtherIncomeExpenseNet": 22
      },
      {
        "depreciationAmortization": 356,
        "dilutedAverageSharesOutstanding": 193,
        "dilutedEPS": 2.46,
        "ebit": 602,
        "interestExpense": 178,
        "interestIncomeExpense": -124,
        "minorityInterest": -1,
        "netIncome": 475,
        "netIncomeAfterTaxes": 477,
        "nonRecurringItems": 26,
        "operationsMaintenance": 588,
        "otherOperatingExpensesTotal": 103,
        "otherRevenue": 3284,
        "period": "2020-09-30",
        "pretaxIncome": 540,
        "provisionforIncomeTaxes": 63,
        "purchasedFuelPowerGas": 1635,
        "revenue": 3284,
        "totalOperatingExpense": 2682,
        "totalOtherIncomeExpenseNet": 36
      },
      {
        "depreciationAmortization": 350,
        "dilutedAverageSharesOutstanding": 193,
        "dilutedEPS": 1.44,
        "ebit": 422,
        "interestExpense": 179,
        "interestIncomeExpense": -121,
        "minorityInterest": 0,
        "netIncome": 277,
        "netIncomeAfterTaxes": 277,
        "nonRecurringItems": -55,
        "operationsMaintenance": 564,
        "otherOperatingExpensesTotal": 84,
        "otherRevenue": 2583,
        "period": "2020-06-30",
        "pretaxIncome": 283,
        "provisionforIncomeTaxes": 6,
        "purchasedFuelPowerGas": 1163,
        "revenue": 2583,
        "totalOperatingExpense": 2161,
        "totalOtherIncomeExpenseNet": 37
      },
      {
        "depreciationAmortization": 353,
        "dilutedAverageSharesOutstanding": 192,
        "dilutedEPS": 1.77,
        "ebit": 572,
        "interestExpense": 175,
        "interestIncomeExpense": -172,
        "minorityInterest": -2,
        "netIncome": 339,
        "netIncomeAfterTaxes": 342,
        "nonRecurringItems": 10,
        "operationsMaintenance": 579,
        "otherOperatingExpensesTotal": 119,
        "otherRevenue": 3022,
        "period": "2020-03-31",
        "pretaxIncome": 391,
        "provisionforIncomeTaxes": 49,
        "purchasedFuelPowerGas": 1399,
        "revenue": 3022,
        "totalOperatingExpense": 2450,
        "totalOtherIncomeExpenseNet": -19
      },
      {
        "depreciationAmortization": 340,
        "dilutedAverageSharesOutstanding": 191,
        "dilutedEPS": 1.4,
        "ebit": 428,
        "interestExpense": 100,
        "interestIncomeExpense": -135,
        "minorityInterest": -1,
        "netIncome": 267,
        "netIncomeAfterTaxes": 268,
        "nonRecurringItems": -1,
        "operationsMaintenance": 680,
        "otherOperatingExpensesTotal": 103,
        "otherRevenue": 3148,
        "period": "2019-12-31",
        "pretaxIncome": 298,
        "provisionforIncomeTaxes": 30,
        "purchasedFuelPowerGas": 1597,
        "revenue": 3148,
        "totalOperatingExpense": 2720,
        "totalOtherIncomeExpenseNet": 6
      },
      {
        "depreciationAmortization": 322,
        "dilutedAverageSharesOutstanding": 184,
        "dilutedEPS": 1.73,
        "ebit": 404,
        "interestExpense": 162,
        "interestIncomeExpense": -74,
        "minorityInterest": 2,
        "netIncome": 318,
        "netIncomeAfterTaxes": 317,
        "nonRecurringItems": -1,
        "operationsMaintenance": 588,
        "otherOperatingExpensesTotal": 101,
        "otherRevenue": 3119,
        "period": "2019-09-30",
        "pretaxIncome": 364,
        "provisionforIncomeTaxes": 47,
        "purchasedFuelPowerGas": 1704,
        "revenue": 3119,
        "totalOperatingExpense": 2715,
        "totalOtherIncomeExpenseNet": 35
      },
      {
        "depreciationAmortization": 305,
        "dilutedAverageSharesOutstanding": 184,
        "dilutedEPS": 0.99,
        "ebit": 283,
        "interestExpense": 154,
        "interestIncomeExpense": -94,
        "minorityInterest": 3,
        "netIncome": 182,
        "netIncomeAfterTaxes": 179,
        "nonRecurringItems": -13,
        "operationsMaintenance": 560,
        "otherOperatingExpensesTotal": 92,
        "otherRevenue": 2888,
        "period": "2019-06-30",
        "pretaxIncome": 200,
        "provisionforIncomeTaxes": 21,
        "purchasedFuelPowerGas": 1648,
        "revenue": 2888,
        "totalOperatingExpense": 2605,
        "totalOtherIncomeExpenseNet": 24
      },
      {
        "depreciationAmortization": 296,
        "dilutedAverageSharesOutstanding": 183,
        "dilutedEPS": 2.19,
        "ebit": 612,
        "interestExpense": 152,
        "interestIncomeExpense": -178,
        "minorityInterest": -7,
        "netIncome": 400,
        "netIncomeAfterTaxes": 408,
        "nonRecurringItems": 0,
        "operationsMaintenance": 591,
        "otherOperatingExpensesTotal": 118,
        "otherRevenue": 3514,
        "period": "2019-03-31",
        "pretaxIncome": 462,
        "provisionforIncomeTaxes": 54,
        "purchasedFuelPowerGas": 1897,
        "revenue": 3514,
        "totalOperatingExpense": 2902,
        "totalOtherIncomeExpenseNet": 28
      },
      {
        "depreciationAmortization": 298,
        "dilutedAverageSharesOutstanding": 181,
        "dilutedEPS": 1.06,
        "ebit": 519,
        "interestExpense": 147,
        "interestIncomeExpense": -312,
        "minorityInterest": -5,
        "netIncome": 191,
        "netIncomeAfterTaxes": 196,
        "nonRecurringItems": -19,
        "operationsMaintenance": 730,
        "otherOperatingExpensesTotal": 98,
        "otherRevenue": 3750,
        "period": "2018-12-31",
        "pretaxIncome": 173,
        "provisionforIncomeTaxes": -23,
        "purchasedFuelPowerGas": 2105,
        "revenue": 3750,
        "totalOperatingExpense": 3231,
        "totalOtherIncomeExpenseNet": -15
      },
      {
        "depreciationAmortization": 273,
        "dilutedAverageSharesOutstanding": 182,
        "dilutedEPS": 1.83,
        "ebit": 433,
        "interestExpense": 142,
        "interestIncomeExpense": -133,
        "minorityInterest": -1,
        "netIncome": 333,
        "netIncomeAfterTaxes": 335,
        "nonRecurringItems": -10,
        "operationsMaintenance": 604,
        "otherOperatingExpensesTotal": 99,
        "otherRevenue": 3550,
        "period": "2018-09-30",
        "pretaxIncome": 369,
        "provisionforIncomeTaxes": 34,
        "purchasedFuelPowerGas": 2141,
        "revenue": 3550,
        "totalOperatingExpense": 3117,
        "totalOtherIncomeExpenseNet": 79
      },
      {
        "depreciationAmortization": 272,
        "dilutedAverageSharesOutstanding": 181,
        "dilutedEPS": 1.29,
        "ebit": 314,
        "interestExpense": 135,
        "interestIncomeExpense": -116,
        "minorityInterest": -2,
        "netIncome": 234,
        "netIncomeAfterTaxes": 236,
        "nonRecurringItems": -1,
        "operationsMaintenance": 583,
        "otherOperatingExpensesTotal": 97,
        "otherRevenue": 3159,
        "period": "2018-06-30",
        "pretaxIncome": 255,
        "provisionforIncomeTaxes": 19,
        "purchasedFuelPowerGas": 1893,
        "revenue": 3159,
        "totalOperatingExpense": 2845,
        "totalOtherIncomeExpenseNet": 58
      },
      {
        "depreciationAmortization": 281,
        "dilutedAverageSharesOutstanding": 180,
        "dilutedEPS": 2,
        "ebit": 553,
        "interestExpense": 135,
        "interestIncomeExpense": -184,
        "minorityInterest": 10,
        "netIncome": 360,
        "netIncomeAfterTaxes": 372,
        "nonRecurringItems": 3,
        "operationsMaintenance": 534,
        "otherOperatingExpensesTotal": 111,
        "otherRevenue": 3753,
        "period": "2018-03-31",
        "pretaxIncome": 419,
        "provisionforIncomeTaxes": 47,
        "purchasedFuelPowerGas": 2274,
        "revenue": 3753,
        "totalOperatingExpense": 3200,
        "totalOtherIncomeExpenseNet": 47
      },
      {
        "depreciationAmortization": 274,
        "dilutedAverageSharesOutstanding": 179,
        "dilutedEPS": 1.6,
        "ebit": 251,
        "interestExpense": 132,
        "interestIncomeExpense": 24,
        "minorityInterest": 7,
        "netIncome": 287,
        "netIncomeAfterTaxes": 175,
        "nonRecurringItems": -32,
        "operationsMaintenance": 594,
        "otherOperatingExpensesTotal": 94,
        "otherRevenue": 3271,
        "period": "2017-12-31",
        "pretaxIncome": 214,
        "provisionforIncomeTaxes": 39,
        "purchasedFuelPowerGas": 2058,
        "revenue": 3271,
        "totalOperatingExpense": 3020,
        "totalOtherIncomeExpenseNet": -29
      },
      {
        "depreciationAmortization": 258,
        "dilutedAverageSharesOutstanding": 179,
        "dilutedEPS": 1.5,
        "ebit": 450,
        "interestExpense": 146,
        "interestIncomeExpense": -152,
        "minorityInterest": 7,
        "netIncome": 269,
        "netIncomeAfterTaxes": 263,
        "nonRecurringItems": -6,
        "operationsMaintenance": 550,
        "otherOperatingExpensesTotal": 91,
        "otherRevenue": 3245,
        "period": "2017-09-30",
        "pretaxIncome": 337,
        "provisionforIncomeTaxes": 74,
        "purchasedFuelPowerGas": 1896,
        "revenue": 3245,
        "totalOperatingExpense": 2795,
        "totalOtherIncomeExpenseNet": 45
      },
      {
        "depreciationAmortization": 249,
        "dilutedAverageSharesOutstanding": 179,
        "dilutedEPS": 0.99,
        "ebit": 338,
        "interestExpense": 133,
        "interestIncomeExpense": -146,
        "minorityInterest": 2,
        "netIncome": 177,
        "netIncomeAfterTaxes": 175,
        "nonRecurringItems": -3,
        "operationsMaintenance": 542,
        "otherOperatingExpensesTotal": 97,
        "otherRevenue": 2855,
        "period": "2017-06-30",
        "pretaxIncome": 232,
        "provisionforIncomeTaxes": 57,
        "purchasedFuelPowerGas": 1629,
        "revenue": 2855,
        "totalOperatingExpense": 2517,
        "totalOtherIncomeExpenseNet": 43
      },
      {
        "depreciationAmortization": 249,
        "dilutedAverageSharesOutstanding": 179,
        "dilutedEPS": 2.23,
        "ebit": 646,
        "interestExpense": 125,
        "interestIncomeExpense": -183,
        "minorityInterest": 6,
        "netIncome": 399,
        "netIncomeAfterTaxes": 394,
        "nonRecurringItems": 0,
        "operationsMaintenance": 584,
        "otherOperatingExpensesTotal": 109,
        "otherRevenue": 3236,
        "period": "2017-03-31",
        "pretaxIncome": 504,
        "provisionforIncomeTaxes": 110,
        "purchasedFuelPowerGas": 1648,
        "revenue": 3236,
        "totalOperatingExpense": 2590,
        "totalOtherIncomeExpenseNet": 41
      },
      {
        "depreciationAmortization": 274,
        "dilutedAverageSharesOutstanding": 176,
        "dilutedEPS": 0.74,
        "ebit": 284,
        "interestExpense": 131,
        "interestIncomeExpense": -103,
        "minorityInterest": 7,
        "netIncome": 131,
        "netIncomeAfterTaxes": 124,
        "nonRecurringItems": -8,
        "operationsMaintenance": 682,
        "otherOperatingExpensesTotal": 88,
        "otherRevenue": 2874,
        "period": "2016-12-31",
        "pretaxIncome": 152,
        "provisionforIncomeTaxes": 28,
        "purchasedFuelPowerGas": 1546,
        "revenue": 2874,
        "totalOperatingExpense": 2590,
        "totalOtherIncomeExpenseNet": -21
      },
      {
        "depreciationAmortization": 230,
        "dilutedAverageSharesOutstanding": 180,
        "dilutedEPS": 1.88,
        "ebit": 566,
        "interestExpense": 114,
        "interestIncomeExpense": -170,
        "minorityInterest": 13,
        "netIncome": 338,
        "netIncomeAfterTaxes": 325,
        "nonRecurringItems": 0,
        "operationsMaintenance": 562,
        "otherOperatingExpensesTotal": 92,
        "otherRevenue": 2928,
        "period": "2016-09-30",
        "pretaxIncome": 435,
        "provisionforIncomeTaxes": 110,
        "purchasedFuelPowerGas": 1478,
        "revenue": 2928,
        "totalOperatingExpense": 2362,
        "totalOtherIncomeExpenseNet": 39
      },
      {
        "depreciationAmortization": 243,
        "dilutedAverageSharesOutstanding": 180,
        "dilutedEPS": 0.84,
        "ebit": 264,
        "interestExpense": 114,
        "interestIncomeExpense": -120,
        "minorityInterest": 7,
        "netIncome": 152,
        "netIncomeAfterTaxes": 145,
        "nonRecurringItems": 1,
        "operationsMaintenance": 542,
        "otherOperatingExpensesTotal": 91,
        "otherRevenue": 2262,
        "period": "2016-06-30",
        "pretaxIncome": 195,
        "provisionforIncomeTaxes": 50,
        "purchasedFuelPowerGas": 1122,
        "revenue": 2262,
        "totalOperatingExpense": 1998,
        "totalOtherIncomeExpenseNet": 50
      },
      {
        "depreciationAmortization": 229,
        "dilutedAverageSharesOutstanding": 180,
        "dilutedEPS": 1.37,
        "ebit": 340,
        "interestExpense": 113,
        "interestIncomeExpense": -61,
        "minorityInterest": 7,
        "netIncome": 247,
        "netIncomeAfterTaxes": 240,
        "nonRecurringItems": 0,
        "operationsMaintenance": 516,
        "otherOperatingExpensesTotal": 99,
        "otherRevenue": 2566,
        "period": "2016-03-31",
        "pretaxIncome": 323,
        "provisionforIncomeTaxes": 83,
        "purchasedFuelPowerGas": 1382,
        "revenue": 2566,
        "totalOperatingExpense": 2226,
        "totalOtherIncomeExpenseNet": 44
      },
      {
        "depreciationAmortization": 227,
        "dilutedAverageSharesOutstanding": 179,
        "dilutedEPS": 0.45,
        "ebit": 231,
        "interestExpense": 109,
        "interestIncomeExpense": -106,
        "minorityInterest": 3,
        "netIncome": 80,
        "netIncomeAfterTaxes": 77,
        "nonRecurringItems": -97,
        "operationsMaintenance": -222,
        "otherOperatingExpensesTotal": 82,
        "otherRevenue": 33,
        "period": "2015-12-31",
        "pretaxIncome": 57,
        "provisionforIncomeTaxes": -20,
        "purchasedFuelPowerGas": 2169,
        "revenue": 2487,
        "totalOperatingExpense": 2256,
        "totalOtherIncomeExpenseNet": 29
      },
      {
        "depreciationAmortization": 196,
        "dilutedAverageSharesOutstanding": 180,
        "dilutedEPS": 1.47,
        "ebit": 465,
        "interestExpense": 116,
        "interestIncomeExpense": -136,
        "minorityInterest": 1,
        "netIncome": 265,
        "netIncomeAfterTaxes": 264,
        "nonRecurringItems": -1,
        "operationsMaintenance": 817,
        "otherOperatingExpensesTotal": 91,
        "otherRevenue": 66,
        "period": "2015-09-30",
        "pretaxIncome": 366,
        "provisionforIncomeTaxes": 102,
        "purchasedFuelPowerGas": 1029,
        "revenue": 2598,
        "totalOperatingExpense": 2133,
        "totalOtherIncomeExpenseNet": 38
      }
    ],
    "symbol": "DTE"
  }
}