{
  "symbol": "STE",
  "statement": "ic",
  "frequency": "annual",
  "timestamp": "2025-09-19T14:06:59.447283",
  "data": {
    "financials": [
      {
        "costOfGoodsSold": 3056.751,
        "dilutedAverageSharesOutstanding": 99.069,
        "dilutedEPS": 6.2,
        "ebit": 971.999,
        "grossIncome": 2402.764,
        "interestExpense": 86.261,
        "interestIncomeExpense": -77.859,
        "minorityInterest": -1.433,
        "netIncome": 614.641,
        "netIncomeAfterTaxes": 611.557,
        "nonRecurringItems": -97.933,
        "period": "2025-03-31",
        "pretaxIncome": 796.207,
        "provisionforIncomeTaxes": 184.65,
        "researchDevelopment": 107.648,
        "revenue": 5459.515,
        "sgaExpense": 1323.117,
        "totalOperatingExpense": 1430.765,
        "year": 2025
      },
      {
        "costOfGoodsSold": 2920.541,
        "dilutedAverageSharesOutstanding": 99.359,
        "dilutedEPS": 3.8,
        "ebit": 887.689,
        "grossIncome": 2218.16,
        "interestExpense": 144.351,
        "interestIncomeExpense": -133.308,
        "minorityInterest": -1.84,
        "netIncome": 378.239,
        "netIncomeAfterTaxes": 553.28,
        "nonRecurringItems": -51.571,
        "period": "2024-03-31",
        "pretaxIncome": 702.81,
        "provisionforIncomeTaxes": 149.53,
        "researchDevelopment": 103.679,
        "revenue": 5138.701,
        "sgaExpense": 1226.792,
        "totalOperatingExpense": 1330.471,
        "totalOtherIncomeExpenseNet": 0,
        "year": 2024
      },
      {
        "costOfGoodsSold": 2798.1,
        "dilutedAverageSharesOutstanding": 100.2,
        "dilutedEPS": 1.07,
        "ebit": 783.4,
        "grossIncome": 2159.7,
        "interestExpense": 107.956,
        "interestIncomeExpense": -110.8,
        "minorityInterest": 1.2,
        "netIncome": 107,
        "netIncomeAfterTaxes": 105.8,
        "nonRecurringItems": -515.2,
        "period": "2023-03-31",
        "pretaxIncome": 157.3,
        "provisionforIncomeTaxes": 51.5,
        "researchDevelopment": 101.6,
        "revenue": 4957.8,
        "sgaExpense": 1274.7,
        "totalOperatingExpense": 1376.4,
        "totalOtherIncomeExpenseNet": 0,
        "year": 2023
      },
      {
        "costOfGoodsSold": 2568.7,
        "dilutedAverageSharesOutstanding": 98.3,
        "dilutedEPS": 2.48,
        "ebit": 425.6,
        "grossIncome": 2016.4,
        "interestExpense": 89.49,
        "interestIncomeExpense": -83.3,
        "minorityInterest": 1,
        "netIncome": 243.9,
        "netIncomeAfterTaxes": 242.9,
        "nonRecurringItems": 0,
        "period": "2022-03-31",
        "pretaxIncome": 314.5,
        "provisionforIncomeTaxes": 71.6,
        "researchDevelopment": 87.9,
        "revenue": 4585.1,
        "sgaExpense": 1502.8,
        "totalOperatingExpense": 1590.7,
        "totalOtherIncomeExpenseNet": -27.8,
        "year": 2022
      },
      {
        "costOfGoodsSold": 1764.4,
        "dilutedAverageSharesOutstanding": 85.9,
        "dilutedEPS": 4.63,
        "ebit": 545.5,
        "grossIncome": 1343.1,
        "interestExpense": 37.18,
        "interestIncomeExpense": -30.8,
        "minorityInterest": 0.5,
        "netIncome": 397.4,
        "netIncomeAfterTaxes": 396.9,
        "nonRecurringItems": 2.9,
        "period": "2021-03-31",
        "pretaxIncome": 517.5,
        "provisionforIncomeTaxes": 120.7,
        "researchDevelopment": 66.3,
        "revenue": 3107.5,
        "sgaExpense": 731.3,
        "totalOperatingExpense": 797.7,
        "year": 2021
      },
      {
        "costOfGoodsSold": 1710.9,
        "dilutedAverageSharesOutstanding": 85.6,
        "dilutedEPS": 4.76,
        "ebit": 537.7,
        "grossIncome": 1320,
        "interestExpense": 40.279,
        "interestIncomeExpense": -38.3,
        "minorityInterest": -0.2,
        "netIncome": 407.7,
        "netIncomeAfterTaxes": 407.9,
        "nonRecurringItems": -0.7,
        "period": "2020-03-31",
        "pretaxIncome": 498.8,
        "provisionforIncomeTaxes": 90.9,
        "researchDevelopment": 65.5,
        "revenue": 3030.9,
        "sgaExpense": 716.7,
        "totalOperatingExpense": 782.2,
        "year": 2020
      },
      {
        "costOfGoodsSold": 1607.2,
        "dilutedAverageSharesOutstanding": 85.5,
        "dilutedEPS": 3.55,
        "ebit": 458.2,
        "grossIncome": 1175,
        "interestExpense": 45.015,
        "interestIncomeExpense": -42,
        "minorityInterest": -1,
        "netIncome": 303.7,
        "netIncomeAfterTaxes": 304.7,
        "nonRecurringItems": -47.2,
        "period": "2019-03-31",
        "pretaxIncome": 369,
        "provisionforIncomeTaxes": 64.3,
        "researchDevelopment": 63,
        "revenue": 2782.2,
        "sgaExpense": 653.7,
        "totalOperatingExpense": 716.7,
        "year": 2019
      },
      {
        "costOfGoodsSold": 1527.3,
        "dilutedAverageSharesOutstanding": 85.7,
        "dilutedEPS": 3.39,
        "ebit": 401.4,
        "grossIncome": 1092.7,
        "interestExpense": 50.629,
        "interestIncomeExpense": -46.3,
        "minorityInterest": -0.7,
        "netIncome": 290.9,
        "netIncomeAfterTaxes": 272.7,
        "nonRecurringItems": -0.1,
        "period": "2018-03-31",
        "pretaxIncome": 355,
        "provisionforIncomeTaxes": 82.3,
        "researchDevelopment": 60.8,
        "revenue": 2620,
        "sgaExpense": 630.6,
        "totalOperatingExpense": 691.3,
        "year": 2018
      },
      {
        "costOfGoodsSold": 1586.5,
        "dilutedAverageSharesOutstanding": 86.1,
        "dilutedEPS": 1.28,
        "ebit": 286.7,
        "grossIncome": 1026.2,
        "interestExpense": 44.52,
        "interestIncomeExpense": -43.5,
        "minorityInterest": -0.7,
        "netIncome": 110,
        "netIncomeAfterTaxes": 110.6,
        "nonRecurringItems": -58.6,
        "period": "2017-03-31",
        "pretaxIncome": 184.6,
        "provisionforIncomeTaxes": 74,
        "researchDevelopment": 59.4,
        "revenue": 2612.8,
        "sgaExpense": 680.2,
        "totalOperatingExpense": 739.6,
        "year": 2017
      },
      {
        "costOfGoodsSold": 1343.3,
        "dilutedAverageSharesOutstanding": 71.2,
        "dilutedEPS": 1.56,
        "ebit": 212.8,
        "grossIncome": 895.5,
        "interestExpense": 42.708,
        "interestIncomeExpense": -41.7,
        "minorityInterest": -0.8,
        "netIncome": 110.8,
        "netIncomeAfterTaxes": 111.6,
        "nonRecurringItems": 0.8,
        "period": "2016-03-31",
        "pretaxIncome": 171.9,
        "provisionforIncomeTaxes": 60.3,
        "researchDevelopment": 56.7,
        "revenue": 2238.8,
        "sgaExpense": 626,
        "totalOperatingExpense": 682.6,
        "year": 2016
      }
    ],
    "symbol": "STE"
  }
}