{
  "symbol": "WMB",
  "statement": "ic",
  "frequency": "quarterly",
  "timestamp": "2025-09-19T14:08:55.500575",
  "data": {
    "financials": [
      {
        "costOfGoodsSold": 478,
        "depreciationAmortization": 605,
        "dilutedAverageSharesOutstanding": 1224.284,
        "dilutedEPS": 0.446,
        "ebit": 945,
        "grossIncome": 2303,
        "interestExpense": 350,
        "interestIncomeExpense": -204,
        "minorityInterest": -37,
        "netIncome": 546,
        "netIncomeAfterTaxes": 583,
        "otherOperatingExpensesTotal": 13,
        "period": "2025-06-30",
        "pretaxIncome": 757,
        "provisionforIncomeTaxes": 174,
        "revenue": 2781,
        "sgaExpense": 740,
        "totalOperatingExpense": 1358,
        "totalOtherIncomeExpenseNet": 16
      },
      {
        "costOfGoodsSold": 643,
        "depreciationAmortization": 585,
        "dilutedAverageSharesOutstanding": 1224.641,
        "dilutedEPS": 0.5634,
        "ebit": 1095,
        "grossIncome": 2405,
        "interestExpense": 349,
        "interestIncomeExpense": -186,
        "minorityInterest": -38,
        "netIncome": 690,
        "netIncomeAfterTaxes": 729,
        "nonRecurringItems": -1,
        "otherOperatingExpensesTotal": -10,
        "period": "2025-03-31",
        "pretaxIncome": 922,
        "provisionforIncomeTaxes": 193,
        "revenue": 3048,
        "sgaExpense": 736,
        "totalOperatingExpense": 1310,
        "totalOtherIncomeExpenseNet": 14
      },
      {
        "costOfGoodsSold": 622,
        "depreciationAmortization": 565,
        "dilutedAverageSharesOutstanding": 1224.484,
        "dilutedEPS": 0.3961,
        "ebit": 780,
        "grossIncome": 2121,
        "interestExpense": 338,
        "interestIncomeExpense": -198,
        "minorityInterest": -31,
        "netIncome": 485,
        "netIncomeAfterTaxes": 517,
        "nonRecurringItems": 13,
        "otherOperatingExpensesTotal": 9,
        "period": "2024-12-31",
        "pretaxIncome": 608,
        "provisionforIncomeTaxes": 91,
        "revenue": 2743,
        "sgaExpense": 767,
        "totalOperatingExpense": 1341,
        "totalOtherIncomeExpenseNet": 13
      },
      {
        "costOfGoodsSold": 524,
        "depreciationAmortization": 566,
        "dilutedAverageSharesOutstanding": 1222.869,
        "dilutedEPS": 0.58,
        "ebit": 838,
        "grossIncome": 2129,
        "interestExpense": 338,
        "interestIncomeExpense": 99,
        "minorityInterest": -35,
        "netIncome": 705,
        "netIncomeAfterTaxes": 741,
        "nonRecurringItems": 0,
        "otherOperatingExpensesTotal": -25,
        "period": "2024-09-30",
        "pretaxIncome": 968,
        "provisionforIncomeTaxes": 227,
        "revenue": 2653,
        "sgaExpense": 750,
        "totalOperatingExpense": 1291,
        "totalOtherIncomeExpenseNet": 31
      },
      {
        "costOfGoodsSold": 441,
        "depreciationAmortization": 540,
        "dilutedAverageSharesOutstanding": 1222.236,
        "dilutedEPS": 0.33,
        "ebit": 703,
        "grossIncome": 1895,
        "interestExpense": 339,
        "interestIncomeExpense": -174,
        "minorityInterest": -25,
        "netIncome": 401,
        "netIncomeAfterTaxes": 426,
        "nonRecurringItems": -7,
        "otherOperatingExpensesTotal": -27,
        "period": "2024-06-30",
        "pretaxIncome": 555,
        "provisionforIncomeTaxes": 129,
        "revenue": 2336,
        "sgaExpense": 679,
        "totalOperatingExpense": 1192,
        "totalOtherIncomeExpenseNet": 33
      },
      {
        "costOfGoodsSold": 531,
        "depreciationAmortization": 548,
        "dilutedAverageSharesOutstanding": 1222.222,
        "dilutedEPS": 0.52,
        "ebit": 1019,
        "grossIncome": 2240,
        "interestExpense": 349,
        "interestIncomeExpense": -188,
        "minorityInterest": -30,
        "netIncome": 631,
        "netIncomeAfterTaxes": 662,
        "nonRecurringItems": -7,
        "otherOperatingExpensesTotal": -17,
        "period": "2024-03-31",
        "pretaxIncome": 855,
        "provisionforIncomeTaxes": 193,
        "revenue": 2771,
        "sgaExpense": 690,
        "totalOperatingExpense": 1221,
        "totalOtherIncomeExpenseNet": 31
      },
      {
        "costOfGoodsSold": 448,
        "depreciationAmortization": 529,
        "dilutedAverageSharesOutstanding": 1222.91,
        "dilutedEPS": 0.94,
        "ebit": 1079,
        "grossIncome": 2336,
        "interestExpense": 322,
        "interestIncomeExpense": -104,
        "minorityInterest": -30,
        "netIncome": 1137,
        "netIncomeAfterTaxes": 1177,
        "nonRecurringItems": 542,
        "otherOperatingExpensesTotal": 19,
        "period": "2023-12-31",
        "pretaxIncome": 1547,
        "provisionforIncomeTaxes": 370,
        "revenue": 2784,
        "sgaExpense": 709,
        "totalOperatingExpense": 1257,
        "totalOtherIncomeExpenseNet": 30
      },
      {
        "costOfGoodsSold": 515,
        "depreciationAmortization": 521,
        "dilutedAverageSharesOutstanding": 1220.073,
        "dilutedEPS": 0.54,
        "ebit": 866,
        "grossIncome": 2044,
        "interestExpense": 314,
        "interestIncomeExpense": -163,
        "minorityInterest": -30,
        "netIncome": 653,
        "netIncomeAfterTaxes": 685,
        "nonRecurringItems": 128,
        "otherOperatingExpensesTotal": -9,
        "period": "2023-09-30",
        "pretaxIncome": 861,
        "provisionforIncomeTaxes": 176,
        "revenue": 2559,
        "sgaExpense": 666,
        "totalOperatingExpense": 1178,
        "totalOtherIncomeExpenseNet": 30
      },
      {
        "costOfGoodsSold": 465,
        "depreciationAmortization": 515,
        "dilutedAverageSharesOutstanding": 1219.915,
        "dilutedEPS": 0.37,
        "ebit": 871,
        "grossIncome": 2018,
        "interestExpense": 306,
        "interestIncomeExpense": -133,
        "minorityInterest": -34,
        "netIncome": 460,
        "netIncomeAfterTaxes": 581,
        "nonRecurringItems": -1,
        "otherOperatingExpensesTotal": -9,
        "period": "2023-06-30",
        "pretaxIncome": 756,
        "provisionforIncomeTaxes": 175,
        "revenue": 2483,
        "sgaExpense": 641,
        "totalOperatingExpense": 1147,
        "totalOtherIncomeExpenseNet": 19
      },
      {
        "costOfGoodsSold": 607,
        "depreciationAmortization": 506,
        "dilutedAverageSharesOutstanding": 1225.781,
        "dilutedEPS": 0.76,
        "ebit": 1372,
        "grossIncome": 2474,
        "interestExpense": 294,
        "interestIncomeExpense": -139,
        "minorityInterest": -30,
        "netIncome": 926,
        "netIncomeAfterTaxes": 957,
        "nonRecurringItems": -12,
        "otherOperatingExpensesTotal": -31,
        "period": "2023-03-31",
        "pretaxIncome": 1241,
        "provisionforIncomeTaxes": 284,
        "revenue": 3081,
        "sgaExpense": 627,
        "totalOperatingExpense": 1102,
        "totalOtherIncomeExpenseNet": 20
      },
      {
        "costOfGoodsSold": 708,
        "depreciationAmortization": 505,
        "dilutedAverageSharesOutstanding": 1224.229,
        "dilutedEPS": 0.55,
        "ebit": 1072,
        "grossIncome": 2222,
        "interestExpense": 289,
        "interestIncomeExpense": -132,
        "minorityInterest": -28,
        "netIncome": 668,
        "netIncomeAfterTaxes": 697,
        "nonRecurringItems": 0,
        "otherOperatingExpensesTotal": 14,
        "period": "2022-12-31",
        "pretaxIncome": 953,
        "provisionforIncomeTaxes": 256,
        "revenue": 2930,
        "sgaExpense": 631,
        "totalOperatingExpense": 1150,
        "totalOtherIncomeExpenseNet": 13
      },
      {
        "costOfGoodsSold": 1019,
        "depreciationAmortization": 500,
        "dilutedAverageSharesOutstanding": 1222.472,
        "dilutedEPS": 0.49,
        "ebit": 820,
        "grossIncome": 2002,
        "interestExpense": 291,
        "interestIncomeExpense": -97,
        "minorityInterest": -21,
        "netIncome": 599,
        "netIncomeAfterTaxes": 621,
        "nonRecurringItems": 0,
        "otherOperatingExpensesTotal": 33,
        "period": "2022-09-30",
        "pretaxIncome": 717,
        "provisionforIncomeTaxes": 96,
        "revenue": 3021,
        "sgaExpense": 649,
        "totalOperatingExpense": 1182,
        "totalOtherIncomeExpenseNet": -6
      },
      {
        "costOfGoodsSold": 897,
        "depreciationAmortization": 506,
        "dilutedAverageSharesOutstanding": 1222.694,
        "dilutedEPS": 0.33,
        "ebit": 475,
        "grossIncome": 1593,
        "interestExpense": 281,
        "interestIncomeExpense": -116,
        "minorityInterest": -7,
        "netIncome": 400,
        "netIncomeAfterTaxes": 407,
        "nonRecurringItems": -3,
        "otherOperatingExpensesTotal": -10,
        "period": "2022-06-30",
        "pretaxIncome": 362,
        "provisionforIncomeTaxes": -45,
        "revenue": 2490,
        "sgaExpense": 622,
        "totalOperatingExpense": 1118,
        "totalOtherIncomeExpenseNet": 6
      },
      {
        "costOfGoodsSold": 833,
        "depreciationAmortization": 498,
        "dilutedAverageSharesOutstanding": 1221.279,
        "dilutedEPS": 0.31,
        "ebit": 659,
        "grossIncome": 1691,
        "interestExpense": 286,
        "interestIncomeExpense": -149,
        "minorityInterest": -12,
        "netIncome": 379,
        "netIncomeAfterTaxes": 392,
        "nonRecurringItems": -5,
        "otherOperatingExpensesTotal": -9,
        "period": "2022-03-31",
        "pretaxIncome": 510,
        "provisionforIncomeTaxes": 118,
        "revenue": 2524,
        "sgaExpense": 543,
        "totalOperatingExpense": 1032,
        "totalOtherIncomeExpenseNet": 5
      },
      {
        "costOfGoodsSold": 1293,
        "depreciationAmortization": 454,
        "dilutedAverageSharesOutstanding": 1220.186,
        "dilutedEPS": 0.51,
        "ebit": 941,
        "grossIncome": 1964,
        "interestExpense": 295,
        "interestIncomeExpense": -109,
        "minorityInterest": -10,
        "netIncome": 621,
        "netIncomeAfterTaxes": 632,
        "nonRecurringItems": -4,
        "otherOperatingExpensesTotal": 2,
        "period": "2021-12-31",
        "pretaxIncome": 830,
        "provisionforIncomeTaxes": 198,
        "revenue": 3257,
        "sgaExpense": 567,
        "totalOperatingExpense": 1023,
        "totalOtherIncomeExpenseNet": 2
      },
      {
        "costOfGoodsSold": 1071,
        "depreciationAmortization": 487,
        "dilutedAverageSharesOutstanding": 1217.979,
        "dilutedEPS": 0.13,
        "ebit": 358,
        "grossIncome": 1404,
        "interestExpense": 292,
        "interestIncomeExpense": -133,
        "minorityInterest": -8,
        "netIncome": 164,
        "netIncomeAfterTaxes": 173,
        "nonRecurringItems": -3,
        "otherOperatingExpensesTotal": 1,
        "period": "2021-09-30",
        "pretaxIncome": 226,
        "provisionforIncomeTaxes": 53,
        "revenue": 2475,
        "sgaExpense": 558,
        "totalOperatingExpense": 1046,
        "totalOtherIncomeExpenseNet": 4
      },
      {
        "costOfGoodsSold": 715,
        "depreciationAmortization": 463,
        "dilutedAverageSharesOutstanding": 1217.476,
        "dilutedEPS": 0.25,
        "ebit": 600,
        "grossIncome": 1568,
        "interestExpense": 298,
        "interestIncomeExpense": -161,
        "minorityInterest": -18,
        "netIncome": 304,
        "netIncomeAfterTaxes": 322,
        "nonRecurringItems": 0,
        "otherOperatingExpensesTotal": 12,
        "period": "2021-06-30",
        "pretaxIncome": 441,
        "provisionforIncomeTaxes": 119,
        "revenue": 2283,
        "sgaExpense": 493,
        "totalOperatingExpense": 968,
        "totalOtherIncomeExpenseNet": 2
      },
      {
        "costOfGoodsSold": 953,
        "depreciationAmortization": 438,
        "dilutedAverageSharesOutstanding": 1217.211,
        "dilutedEPS": 0.35,
        "ebit": 739,
        "grossIncome": 1659,
        "interestExpense": 294,
        "interestIncomeExpense": -161,
        "minorityInterest": -9,
        "netIncome": 425,
        "netIncomeAfterTaxes": 435,
        "nonRecurringItems": 0,
        "otherOperatingExpensesTotal": -1,
        "period": "2021-03-31",
        "pretaxIncome": 576,
        "provisionforIncomeTaxes": 141,
        "revenue": 2612,
        "sgaExpense": 483,
        "totalOperatingExpense": 920,
        "totalOtherIncomeExpenseNet": -2
      },
      {
        "costOfGoodsSold": 517,
        "depreciationAmortization": 436,
        "dilutedAverageSharesOutstanding": 1216.389,
        "dilutedEPS": 0.09,
        "ebit": 700,
        "grossIncome": 1575,
        "interestExpense": 290,
        "interestIncomeExpense": -196,
        "minorityInterest": -14,
        "netIncome": 115,
        "netIncomeAfterTaxes": 130,
        "nonRecurringItems": -290,
        "otherOperatingExpensesTotal": -6,
        "period": "2020-12-31",
        "pretaxIncome": 185,
        "provisionforIncomeTaxes": 55,
        "revenue": 2092,
        "sgaExpense": 445,
        "totalOperatingExpense": 875,
        "totalOtherIncomeExpenseNet": -29
      },
      {
        "costOfGoodsSold": 401,
        "depreciationAmortization": 426,
        "dilutedAverageSharesOutstanding": 1215.335,
        "dilutedEPS": 0.25,
        "ebit": 641,
        "grossIncome": 1532,
        "interestExpense": 292,
        "interestIncomeExpense": -184,
        "minorityInterest": -14,
        "netIncome": 308,
        "netIncomeAfterTaxes": 323,
        "nonRecurringItems": 0,
        "otherOperatingExpensesTotal": 15,
        "period": "2020-09-30",
        "pretaxIncome": 434,
        "provisionforIncomeTaxes": 111,
        "revenue": 1933,
        "sgaExpense": 450,
        "totalOperatingExpense": 891,
        "totalOtherIncomeExpenseNet": -23
      },
      {
        "costOfGoodsSold": 286,
        "depreciationAmortization": 430,
        "dilutedAverageSharesOutstanding": 1214.581,
        "dilutedEPS": 0.25,
        "ebit": 612,
        "grossIncome": 1495,
        "interestExpense": 294,
        "interestIncomeExpense": -185,
        "minorityInterest": -12,
        "netIncome": 303,
        "netIncomeAfterTaxes": 315,
        "nonRecurringItems": 0,
        "otherOperatingExpensesTotal": 6,
        "period": "2020-06-30",
        "pretaxIncome": 432,
        "provisionforIncomeTaxes": 117,
        "revenue": 1781,
        "sgaExpense": 447,
        "totalOperatingExpense": 883,
        "totalOtherIncomeExpenseNet": 5
      },
      {
        "costOfGoodsSold": 409,
        "depreciationAmortization": 429,
        "dilutedAverageSharesOutstanding": 1213.019,
        "dilutedEPS": -0.43,
        "ebit": 618,
        "grossIncome": 1504,
        "interestExpense": 296,
        "interestIncomeExpense": -271,
        "minorityInterest": 53,
        "netIncome": -518,
        "netIncomeAfterTaxes": -570,
        "nonRecurringItems": -1125,
        "otherOperatingExpensesTotal": 7,
        "period": "2020-03-31",
        "pretaxIncome": -774,
        "provisionforIncomeTaxes": -204,
        "revenue": 1913,
        "sgaExpense": 450,
        "totalOperatingExpense": 886,
        "totalOtherIncomeExpenseNet": 4
      },
      {
        "costOfGoodsSold": 541,
        "depreciationAmortization": 439,
        "dilutedAverageSharesOutstanding": 1214.215,
        "dilutedEPS": 0.11,
        "ebit": 624,
        "gainLossOnDispositionOfAssets": 0,
        "grossIncome": 1566,
        "interestExpense": 298,
        "interestIncomeExpense": -208,
        "minorityInterest": 190,
        "netIncome": 123,
        "netIncomeAfterTaxes": -51,
        "nonRecurringItems": -390,
        "otherOperatingExpensesTotal": -22,
        "period": "2019-12-31",
        "pretaxIncome": 40,
        "provisionforIncomeTaxes": 91,
        "revenue": 2107,
        "sgaExpense": 525,
        "totalOperatingExpense": 942,
        "totalOtherIncomeExpenseNet": 14
      },
      {
        "costOfGoodsSold": 453,
        "depreciationAmortization": 435,
        "dilutedAverageSharesOutstanding": 1214.165,
        "dilutedEPS": 0.18,
        "ebit": 628,
        "grossIncome": 1546,
        "interestExpense": 296,
        "interestIncomeExpense": -196,
        "minorityInterest": -21,
        "netIncome": 220,
        "netIncomeAfterTaxes": 242,
        "nonRecurringItems": -114,
        "otherOperatingExpensesTotal": -11,
        "period": "2019-09-30",
        "pretaxIncome": 319,
        "provisionforIncomeTaxes": 77,
        "revenue": 1999,
        "sgaExpense": 494,
        "totalOperatingExpense": 918,
        "totalOtherIncomeExpenseNet": 1
      },
      {
        "costOfGoodsSold": 507,
        "depreciationAmortization": 424,
        "dilutedAverageSharesOutstanding": 1214.065,
        "dilutedEPS": 0.26,
        "ebit": 562,
        "grossIncome": 1534,
        "interestExpense": 296,
        "interestIncomeExpense": -85,
        "minorityInterest": -14,
        "netIncome": 310,
        "netIncomeAfterTaxes": 324,
        "nonRecurringItems": -62,
        "otherOperatingExpensesTotal": 9,
        "period": "2019-06-30",
        "pretaxIncome": 422,
        "provisionforIncomeTaxes": 98,
        "revenue": 2041,
        "sgaExpense": 539,
        "totalOperatingExpense": 972,
        "totalOtherIncomeExpenseNet": 7
      },
      {
        "costOfGoodsSold": 565,
        "depreciationAmortization": 416,
        "dilutedAverageSharesOutstanding": 1213.592,
        "dilutedEPS": 0.16,
        "ebit": 573,
        "grossIncome": 1489,
        "interestExpense": 296,
        "interestIncomeExpense": -215,
        "minorityInterest": -19,
        "netIncome": 194,
        "netIncomeAfterTaxes": 214,
        "nonRecurringItems": -86,
        "otherOperatingExpensesTotal": 32,
        "period": "2019-03-31",
        "pretaxIncome": 283,
        "provisionforIncomeTaxes": 69,
        "revenue": 2054,
        "sgaExpense": 468,
        "totalOperatingExpense": 916,
        "totalOtherIncomeExpenseNet": 11
      },
      {
        "costOfGoodsSold": 714,
        "depreciationAmortization": 435,
        "dilutedAverageSharesOutstanding": 1213.386,
        "dilutedEPS": -0.47,
        "ebit": 506,
        "grossIncome": 1490,
        "interestExpense": 294,
        "interestIncomeExpense": -32,
        "minorityInterest": -25,
        "netIncome": -572,
        "netIncomeAfterTaxes": -546,
        "nonRecurringItems": -1172,
        "otherOperatingExpensesTotal": 43,
        "period": "2018-12-31",
        "pretaxIncome": -705,
        "provisionforIncomeTaxes": -159,
        "revenue": 2204,
        "sgaExpense": 506,
        "totalOperatingExpense": 984,
        "totalOtherIncomeExpenseNet": -7
      },
      {
        "costOfGoodsSold": 820,
        "depreciationAmortization": 425,
        "dilutedAverageSharesOutstanding": 1026.504,
        "dilutedEPS": 0.13,
        "ebit": 501,
        "grossIncome": 1483,
        "interestExpense": 270,
        "interestIncomeExpense": -163,
        "minorityInterest": -71,
        "netIncome": 129,
        "netIncomeAfterTaxes": 200,
        "nonRecurringItems": 0,
        "otherOperatingExpensesTotal": -6,
        "period": "2018-09-30",
        "pretaxIncome": 390,
        "provisionforIncomeTaxes": 190,
        "revenue": 2303,
        "sgaExpense": 563,
        "totalOperatingExpense": 982,
        "totalOtherIncomeExpenseNet": 52
      },
      {
        "costOfGoodsSold": 662,
        "depreciationAmortization": 434,
        "dilutedAverageSharesOutstanding": 830.107,
        "dilutedEPS": 0.16,
        "ebit": 476,
        "grossIncome": 1429,
        "interestExpense": 275,
        "interestIncomeExpense": -115,
        "minorityInterest": -134,
        "netIncome": 135,
        "netIncomeAfterTaxes": 269,
        "nonRecurringItems": -66,
        "otherOperatingExpensesTotal": 1,
        "period": "2018-06-30",
        "pretaxIncome": 321,
        "provisionforIncomeTaxes": 52,
        "revenue": 2091,
        "sgaExpense": 518,
        "totalOperatingExpense": 953,
        "totalOtherIncomeExpenseNet": 26
      },
      {
        "costOfGoodsSold": 648,
        "depreciationAmortization": 431,
        "dilutedAverageSharesOutstanding": 830.197,
        "dilutedEPS": 0.18,
        "ebit": 491,
        "grossIncome": 1440,
        "interestExpense": 273,
        "interestIncomeExpense": -187,
        "minorityInterest": -118,
        "netIncome": 152,
        "netIncomeAfterTaxes": 270,
        "otherOperatingExpensesTotal": 29,
        "period": "2018-03-31",
        "pretaxIncome": 325,
        "provisionforIncomeTaxes": 55,
        "revenue": 2088,
        "sgaExpense": 489,
        "totalOperatingExpense": 949,
        "totalOtherIncomeExpenseNet": 21
      },
      {
        "costOfGoodsSold": 680,
        "depreciationAmortization": 428,
        "dilutedAverageSharesOutstanding": 829.622,
        "dilutedEPS": 2.03,
        "ebit": 531,
        "grossIncome": 1548,
        "interestExpense": 265,
        "interestIncomeExpense": -174,
        "minorityInterest": 65,
        "netIncome": 1687,
        "netIncomeAfterTaxes": -310,
        "nonRecurringItems": -686,
        "otherOperatingExpensesTotal": 37,
        "period": "2017-12-31",
        "pretaxIncome": -478,
        "provisionforIncomeTaxes": -168,
        "revenue": 2228,
        "sgaExpense": 552,
        "totalOperatingExpense": 1017,
        "totalOtherIncomeExpenseNet": -149
      },
      {
        "costOfGoodsSold": 504,
        "depreciationAmortization": 433,
        "dilutedAverageSharesOutstanding": 829.395,
        "dilutedEPS": 0.04,
        "ebit": 389,
        "grossIncome": 1387,
        "interestExpense": 267,
        "interestIncomeExpense": -148,
        "minorityInterest": -92,
        "netIncome": 33,
        "netIncomeAfterTaxes": 125,
        "nonRecurringItems": -115,
        "otherOperatingExpensesTotal": 24,
        "period": "2017-09-30",
        "pretaxIncome": 149,
        "provisionforIncomeTaxes": 24,
        "revenue": 1891,
        "sgaExpense": 541,
        "totalOperatingExpense": 998,
        "totalOtherIncomeExpenseNet": 23
      },
      {
        "costOfGoodsSold": 537,
        "depreciationAmortization": 433,
        "dilutedAverageSharesOutstanding": 837.68,
        "dilutedEPS": 0.1,
        "ebit": 401,
        "grossIncome": 1387,
        "interestExpense": 271,
        "interestIncomeExpense": -144,
        "minorityInterest": -112,
        "netIncome": 81,
        "netIncomeAfterTaxes": 193,
        "nonRecurringItems": -26,
        "otherOperatingExpensesTotal": 5,
        "period": "2017-06-30",
        "pretaxIncome": 258,
        "provisionforIncomeTaxes": 65,
        "revenue": 1924,
        "sgaExpense": 548,
        "totalOperatingExpense": 986,
        "totalOtherIncomeExpenseNet": 27
      },
      {
        "costOfGoodsSold": 579,
        "depreciationAmortization": 442,
        "dilutedAverageSharesOutstanding": 826.476,
        "dilutedEPS": 0.45,
        "ebit": 433,
        "grossIncome": 1409,
        "interestExpense": 280,
        "interestIncomeExpense": 99,
        "minorityInterest": -196,
        "netIncome": 373,
        "netIncomeAfterTaxes": 569,
        "nonRecurringItems": 0,
        "otherOperatingExpensesTotal": 5,
        "period": "2017-03-31",
        "pretaxIncome": 606,
        "provisionforIncomeTaxes": 37,
        "revenue": 1988,
        "sgaExpense": 529,
        "totalOperatingExpense": 976,
        "totalOtherIncomeExpenseNet": 74
      },
      {
        "costOfGoodsSold": 545,
        "depreciationAmortization": 437,
        "dilutedAverageSharesOutstanding": 750.955,
        "dilutedEPS": -0.02,
        "ebit": 643,
        "grossIncome": 1653,
        "interestExpense": 293,
        "interestIncomeExpense": -199,
        "minorityInterest": -52,
        "netIncome": -15,
        "netIncomeAfterTaxes": 37,
        "nonRecurringItems": -380,
        "otherOperatingExpensesTotal": 5,
        "period": "2016-12-31",
        "pretaxIncome": 86,
        "provisionforIncomeTaxes": 49,
        "revenue": 2198,
        "sgaExpense": 568,
        "totalOperatingExpense": 1010,
        "totalOtherIncomeExpenseNet": 22
      },
      {
        "costOfGoodsSold": 461,
        "depreciationAmortization": 435,
        "dilutedAverageSharesOutstanding": 751.858,
        "dilutedEPS": 0.08,
        "ebit": 346,
        "grossIncome": 1444,
        "interestExpense": 297,
        "interestIncomeExpense": -165,
        "minorityInterest": -70,
        "netIncome": 61,
        "netIncomeAfterTaxes": 131,
        "nonRecurringItems": -1,
        "otherOperatingExpensesTotal": 92,
        "period": "2016-09-30",
        "pretaxIncome": 200,
        "provisionforIncomeTaxes": 69,
        "revenue": 1905,
        "sgaExpense": 571,
        "totalOperatingExpense": 1098,
        "totalOtherIncomeExpenseNet": 20
      },
      {
        "costOfGoodsSold": 401,
        "depreciationAmortization": 446,
        "dilutedAverageSharesOutstanding": 750.649,
        "dilutedEPS": -0.54,
        "ebit": 314,
        "grossIncome": 1335,
        "interestExpense": 298,
        "interestIncomeExpense": -179,
        "minorityInterest": 100,
        "netIncome": -405,
        "netIncomeAfterTaxes": -505,
        "nonRecurringItems": -802,
        "otherOperatingExpensesTotal": 23,
        "period": "2016-06-30",
        "pretaxIncome": -650,
        "provisionforIncomeTaxes": -145,
        "revenue": 1736,
        "sgaExpense": 552,
        "totalOperatingExpense": 1021,
        "totalOtherIncomeExpenseNet": 17
      },
      {
        "costOfGoodsSold": 318,
        "depreciationAmortization": 445,
        "dilutedAverageSharesOutstanding": 750.332,
        "dilutedEPS": -0.09,
        "ebit": 262,
        "grossIncome": 1342,
        "interestExpense": 291,
        "interestIncomeExpense": -176,
        "minorityInterest": -52,
        "netIncome": -65,
        "netIncomeAfterTaxes": -13,
        "nonRecurringItems": -112,
        "otherOperatingExpensesTotal": 23,
        "period": "2016-03-31",
        "pretaxIncome": -11,
        "provisionforIncomeTaxes": 2,
        "revenue": 1660,
        "sgaExpense": 612,
        "totalOperatingExpense": 1080,
        "totalOtherIncomeExpenseNet": 15
      },
      {
        "costOfGoodsSold": 397,
        "depreciationAmortization": 451,
        "dilutedAverageSharesOutstanding": 749.271,
        "dilutedEPS": -0.95,
        "ebit": 349,
        "grossIncome": 1609,
        "interestExpense": 268,
        "interestIncomeExpense": -169,
        "minorityInterest": 622,
        "netIncome": -715,
        "netIncomeAfterTaxes": -1337,
        "nonRecurringItems": -1996,
        "otherOperatingExpensesTotal": 187,
        "period": "2015-12-31",
        "pretaxIncome": -1784,
        "provisionforIncomeTaxes": -447,
        "revenue": 2006,
        "sgaExpense": 622,
        "totalOperatingExpense": 1260,
        "totalOtherIncomeExpenseNet": 32
      },
      {
        "costOfGoodsSold": 426,
        "depreciationAmortization": 432,
        "dilutedAverageSharesOutstanding": 749.824,
        "dilutedEPS": -0.05,
        "ebit": 356,
        "grossIncome": 1373,
        "interestExpense": 263,
        "interestIncomeExpense": -153,
        "minorityInterest": 133,
        "netIncome": -40,
        "netIncomeAfterTaxes": -173,
        "nonRecurringItems": -461,
        "otherOperatingExpensesTotal": 5,
        "period": "2015-09-30",
        "pretaxIncome": -238,
        "provisionforIncomeTaxes": -65,
        "revenue": 1799,
        "sgaExpense": 580,
        "totalOperatingExpense": 1017,
        "totalOtherIncomeExpenseNet": 20
      }
    ],
    "symbol": "WMB"
  }
}