{
  "symbol": "WSM",
  "statement": "ic",
  "frequency": "quarterly",
  "timestamp": "2025-09-19T14:08:53.774507",
  "data": {
    "financials": [
      {
        "costOfGoodsSold": 964.304,
        "dilutedAverageSharesOutstanding": 124.789,
        "dilutedEPS": 1.8532,
        "ebit": 290.713,
        "grossIncome": 765.809,
        "interestIncomeExpense": 9.533,
        "netIncome": 231.263,
        "netIncomeAfterTaxes": 231.263,
        "period": "2025-05-04",
        "pretaxIncome": 300.246,
        "provisionforIncomeTaxes": 68.983,
        "revenue": 1730.113,
        "sgaExpense": 475.096,
        "totalOperatingExpense": 475.096
      },
      {
        "costOfGoodsSold": 1350.475,
        "dilutedAverageSharesOutstanding": 125.107,
        "dilutedEPS": 3.0765,
        "ebit": 495.797,
        "grossIncome": 1111.743,
        "interestIncomeExpense": 12.485,
        "netIncome": 384.887,
        "netIncomeAfterTaxes": 384.887,
        "period": "2025-02-02",
        "pretaxIncome": 508.282,
        "provisionforIncomeTaxes": 123.395,
        "revenue": 2462.218,
        "sgaExpense": 615.946,
        "totalOperatingExpense": 615.946
      },
      {
        "costOfGoodsSold": 958.953,
        "dilutedAverageSharesOutstanding": 126.892,
        "dilutedEPS": 1.96,
        "ebit": 320.643,
        "grossIncome": 841.715,
        "interestIncomeExpense": 11.802,
        "netIncome": 248.953,
        "netIncomeAfterTaxes": 248.953,
        "period": "2024-10-27",
        "pretaxIncome": 332.445,
        "provisionforIncomeTaxes": 83.492,
        "revenue": 1800.668,
        "sgaExpense": 521.072,
        "totalOperatingExpense": 521.072
      },
      {
        "costOfGoodsSold": 961.981,
        "dilutedAverageSharesOutstanding": 129.81,
        "dilutedEPS": 1.74,
        "ebit": 289.916,
        "grossIncome": 826.326,
        "interestIncomeExpense": 15.208,
        "netIncome": 225.745,
        "netIncomeAfterTaxes": 225.745,
        "period": "2024-07-28",
        "pretaxIncome": 305.124,
        "provisionforIncomeTaxes": 79.379,
        "revenue": 1788.307,
        "sgaExpense": 536.41,
        "totalOperatingExpense": 536.41
      },
      {
        "costOfGoodsSold": 857.833,
        "dilutedAverageSharesOutstanding": 130.63,
        "dilutedEPS": 2.03,
        "ebit": 323.828,
        "grossIncome": 802.515,
        "interestIncomeExpense": 16.053,
        "netIncome": 265.666,
        "netIncomeAfterTaxes": 265.666,
        "period": "2024-04-28",
        "pretaxIncome": 339.881,
        "provisionforIncomeTaxes": 74.215,
        "revenue": 1660.348,
        "sgaExpense": 478.687,
        "totalOperatingExpense": 478.687
      },
      {
        "costOfGoodsSold": 1230.322,
        "dilutedAverageSharesOutstanding": 130.388,
        "dilutedEPS": 2.72,
        "ebit": 458.091,
        "grossIncome": 1048.615,
        "interestIncomeExpense": 13.147,
        "netIncome": 354.439,
        "netIncomeAfterTaxes": 354.439,
        "period": "2024-01-28",
        "pretaxIncome": 471.238,
        "provisionforIncomeTaxes": 116.799,
        "revenue": 2278.937,
        "sgaExpense": 590.524,
        "totalOperatingExpense": 590.524
      },
      {
        "costOfGoodsSold": 1031.29,
        "dilutedAverageSharesOutstanding": 129.548,
        "dilutedEPS": 1.83,
        "ebit": 315.077,
        "grossIncome": 822.36,
        "interestIncomeExpense": 7.182,
        "netIncome": 237.285,
        "netIncomeAfterTaxes": 237.285,
        "period": "2023-10-29",
        "pretaxIncome": 322.259,
        "provisionforIncomeTaxes": 84.974,
        "revenue": 1853.65,
        "sgaExpense": 507.283,
        "totalOperatingExpense": 507.283
      },
      {
        "costOfGoodsSold": 1105.047,
        "dilutedAverageSharesOutstanding": 129.052,
        "dilutedEPS": 1.56,
        "ebit": 271.548,
        "grossIncome": 757.567,
        "interestIncomeExpense": 3.335,
        "netIncome": 201.507,
        "netIncomeAfterTaxes": 201.507,
        "period": "2023-07-30",
        "pretaxIncome": 274.883,
        "provisionforIncomeTaxes": 73.376,
        "revenue": 1862.614,
        "sgaExpense": 486.019,
        "totalOperatingExpense": 486.019
      },
      {
        "costOfGoodsSold": 1080.392,
        "dilutedAverageSharesOutstanding": 133.392,
        "dilutedEPS": 1.17,
        "ebit": 199.477,
        "grossIncome": 675.059,
        "interestIncomeExpense": 5.498,
        "netIncome": 156.531,
        "netIncomeAfterTaxes": 156.531,
        "period": "2023-04-30",
        "pretaxIncome": 204.975,
        "provisionforIncomeTaxes": 48.444,
        "revenue": 1755.451,
        "sgaExpense": 475.582,
        "totalOperatingExpense": 475.582
      },
      {
        "costOfGoodsSold": 1443.229,
        "dilutedAverageSharesOutstanding": 134.108,
        "dilutedEPS": 2.65,
        "ebit": 469.787,
        "grossIncome": 1009.85,
        "interestIncomeExpense": 1.383,
        "netIncome": 354.993,
        "netIncomeAfterTaxes": 354.993,
        "period": "2023-01-29",
        "pretaxIncome": 471.17,
        "provisionforIncomeTaxes": 116.177,
        "revenue": 2453.079,
        "sgaExpense": 540.063,
        "totalOperatingExpense": 540.063
      },
      {
        "costOfGoodsSold": 1282.048,
        "dilutedAverageSharesOutstanding": 135.234,
        "dilutedEPS": 1.86,
        "ebit": 339.633,
        "grossIncome": 910.526,
        "interestIncomeExpense": 0.37,
        "netIncome": 251.723,
        "netIncomeAfterTaxes": 251.723,
        "period": "2022-10-30",
        "pretaxIncome": 340.003,
        "provisionforIncomeTaxes": 88.28,
        "revenue": 2192.574,
        "sgaExpense": 570.893,
        "totalOperatingExpense": 570.893
      },
      {
        "costOfGoodsSold": 1208.728,
        "dilutedAverageSharesOutstanding": 138.162,
        "dilutedEPS": 1.93,
        "ebit": 365.521,
        "grossIncome": 928.809,
        "interestIncomeExpense": 0.344,
        "netIncome": 267.075,
        "netIncomeAfterTaxes": 267.075,
        "period": "2022-07-31",
        "pretaxIncome": 365.865,
        "provisionforIncomeTaxes": 98.79,
        "revenue": 2137.537,
        "sgaExpense": 563.288,
        "totalOperatingExpense": 563.288
      },
      {
        "costOfGoodsSold": 1062.679,
        "dilutedAverageSharesOutstanding": 145.304,
        "dilutedEPS": 1.75,
        "ebit": 323.481,
        "grossIncome": 828.548,
        "interestIncomeExpense": 0.163,
        "netIncome": 254.113,
        "netIncomeAfterTaxes": 254.113,
        "period": "2022-05-01",
        "pretaxIncome": 323.644,
        "provisionforIncomeTaxes": 69.531,
        "revenue": 1891.227,
        "sgaExpense": 505.067,
        "totalOperatingExpense": 505.067
      },
      {
        "costOfGoodsSold": 1375.792,
        "dilutedAverageSharesOutstanding": 148.982,
        "dilutedEPS": 2.7,
        "ebit": 524.572,
        "grossIncome": 1125.237,
        "interestIncomeExpense": 0.089,
        "netIncome": 402.941,
        "netIncomeAfterTaxes": 402.941,
        "period": "2022-01-30",
        "pretaxIncome": 524.661,
        "provisionforIncomeTaxes": 121.72,
        "revenue": 2501.029,
        "sgaExpense": 600.665,
        "totalOperatingExpense": 600.665
      },
      {
        "costOfGoodsSold": 1152.054,
        "dilutedAverageSharesOutstanding": 151.886,
        "dilutedEPS": 1.64,
        "ebit": 330.267,
        "grossIncome": 895.485,
        "interestIncomeExpense": -0.121,
        "netIncome": 249.524,
        "netIncomeAfterTaxes": 249.524,
        "period": "2021-10-31",
        "pretaxIncome": 330.146,
        "provisionforIncomeTaxes": 80.622,
        "revenue": 2047.539,
        "sgaExpense": 565.218,
        "totalOperatingExpense": 565.218
      },
      {
        "costOfGoodsSold": 1089.951,
        "dilutedAverageSharesOutstanding": 153.168,
        "dilutedEPS": 1.61,
        "ebit": 323.1,
        "grossIncome": 858.388,
        "interestIncomeExpense": 0.039,
        "netIncome": 246.07,
        "netIncomeAfterTaxes": 246.07,
        "period": "2021-08-01",
        "pretaxIncome": 323.139,
        "provisionforIncomeTaxes": 77.069,
        "revenue": 1948.339,
        "sgaExpense": 535.288,
        "totalOperatingExpense": 535.288
      },
      {
        "costOfGoodsSold": 996.176,
        "dilutedAverageSharesOutstanding": 156.97,
        "dilutedEPS": 1.45,
        "ebit": 275.177,
        "grossIncome": 752.853,
        "interestIncomeExpense": -1.872,
        "netIncome": 227.802,
        "netIncomeAfterTaxes": 227.802,
        "period": "2021-05-02",
        "pretaxIncome": 273.305,
        "provisionforIncomeTaxes": 45.503,
        "revenue": 1749.029,
        "sgaExpense": 477.676,
        "totalOperatingExpense": 477.676
      },
      {
        "costOfGoodsSold": 1327.449,
        "dilutedAverageSharesOutstanding": 158.368,
        "dilutedEPS": 1.95,
        "ebit": 407.181,
        "grossIncome": 965.224,
        "interestIncomeExpense": -2.264,
        "netIncome": 308.955,
        "netIncomeAfterTaxes": 308.955,
        "nonRecurringItems": -5.094,
        "period": "2021-01-31",
        "pretaxIncome": 399.823,
        "provisionforIncomeTaxes": 90.868,
        "revenue": 2292.673,
        "sgaExpense": 558.043,
        "totalOperatingExpense": 558.043
      },
      {
        "costOfGoodsSold": 1058.953,
        "dilutedAverageSharesOutstanding": 158.664,
        "dilutedEPS": 1.27,
        "ebit": 274.604,
        "grossIncome": 705.583,
        "interestIncomeExpense": -5.344,
        "netIncome": 201.772,
        "netIncomeAfterTaxes": 201.772,
        "nonRecurringItems": 0,
        "period": "2020-11-01",
        "pretaxIncome": 269.26,
        "provisionforIncomeTaxes": 67.488,
        "revenue": 1764.536,
        "sgaExpense": 430.979,
        "totalOperatingExpense": 430.979
      },
      {
        "costOfGoodsSold": 939.575,
        "dilutedAverageSharesOutstanding": 158.528,
        "dilutedEPS": 0.85,
        "ebit": 191.716,
        "grossIncome": 551.202,
        "interestIncomeExpense": -6.464,
        "netIncome": 134.564,
        "netIncomeAfterTaxes": 134.564,
        "nonRecurringItems": -6.355,
        "period": "2020-08-02",
        "pretaxIncome": 178.897,
        "provisionforIncomeTaxes": 44.333,
        "revenue": 1490.777,
        "sgaExpense": 359.486,
        "totalOperatingExpense": 359.486
      },
      {
        "costOfGoodsSold": 809.565,
        "dilutedAverageSharesOutstanding": 156.798,
        "dilutedEPS": 0.23,
        "ebit": 60.021,
        "grossIncome": 425.638,
        "interestIncomeExpense": -2.157,
        "netIncome": 35.423,
        "netIncomeAfterTaxes": 35.423,
        "nonRecurringItems": -11.378,
        "period": "2020-05-03",
        "pretaxIncome": 46.486,
        "provisionforIncomeTaxes": 11.063,
        "revenue": 1235.203,
        "sgaExpense": 365.617,
        "totalOperatingExpense": 365.617
      },
      {
        "costOfGoodsSold": 1150.862,
        "dilutedAverageSharesOutstanding": 157.01,
        "dilutedEPS": 1.06,
        "ebit": 203.682,
        "grossIncome": 692.728,
        "interestIncomeExpense": -1.363,
        "netIncome": 166.045,
        "netIncomeAfterTaxes": 166.045,
        "period": "2020-02-02",
        "pretaxIncome": 202.319,
        "provisionforIncomeTaxes": 36.274,
        "revenue": 1843.59,
        "sgaExpense": 489.046,
        "totalOperatingExpense": 489.046
      },
      {
        "costOfGoodsSold": 924.3,
        "dilutedAverageSharesOutstanding": 158.382,
        "dilutedEPS": 0.47,
        "ebit": 101.885,
        "grossIncome": 518.172,
        "interestIncomeExpense": -2.558,
        "netIncome": 74.713,
        "netIncomeAfterTaxes": 74.713,
        "period": "2019-11-03",
        "pretaxIncome": 99.327,
        "provisionforIncomeTaxes": 24.614,
        "revenue": 1442.472,
        "sgaExpense": 416.287,
        "totalOperatingExpense": 416.287
      },
      {
        "costOfGoodsSold": 886.953,
        "dilutedAverageSharesOutstanding": 158.94,
        "dilutedEPS": 0.39,
        "ebit": 86.141,
        "grossIncome": 483.861,
        "interestIncomeExpense": -2.645,
        "netIncome": 62.648,
        "netIncomeAfterTaxes": 62.648,
        "period": "2019-08-04",
        "pretaxIncome": 83.496,
        "provisionforIncomeTaxes": 20.848,
        "revenue": 1370.814,
        "sgaExpense": 397.72,
        "totalOperatingExpense": 397.72
      },
      {
        "costOfGoodsSold": 796.801,
        "dilutedAverageSharesOutstanding": 159.734,
        "dilutedEPS": 0.33,
        "ebit": 74.138,
        "grossIncome": 444.331,
        "interestIncomeExpense": -2.259,
        "netIncome": 52.656,
        "netIncomeAfterTaxes": 52.656,
        "period": "2019-05-05",
        "pretaxIncome": 71.879,
        "provisionforIncomeTaxes": 19.223,
        "revenue": 1241.132,
        "sgaExpense": 370.193,
        "totalOperatingExpense": 370.193
      },
      {
        "costOfGoodsSold": 1126.513,
        "dilutedAverageSharesOutstanding": 161.014,
        "dilutedEPS": 0.97,
        "ebit": 208.126,
        "grossIncome": 709.923,
        "interestIncomeExpense": -1.706,
        "netIncome": 155.338,
        "netIncomeAfterTaxes": 156.477,
        "nonRecurringItems": -7.2,
        "period": "2019-02-03",
        "pretaxIncome": 199.22,
        "provisionforIncomeTaxes": 42.743,
        "revenue": 1836.436,
        "sgaExpense": 501.797,
        "totalOperatingExpense": 501.797
      },
      {
        "costOfGoodsSold": 861.999,
        "dilutedAverageSharesOutstanding": 163.282,
        "dilutedEPS": 0.49,
        "ebit": 100.263,
        "grossIncome": 494.984,
        "interestIncomeExpense": -2.167,
        "netIncome": 81.465,
        "netIncomeAfterTaxes": 66.879,
        "nonRecurringItems": -6,
        "period": "2018-10-28",
        "pretaxIncome": 92.096,
        "provisionforIncomeTaxes": 25.217,
        "revenue": 1356.983,
        "sgaExpense": 394.721,
        "totalOperatingExpense": 394.721
      },
      {
        "costOfGoodsSold": 811.232,
        "dilutedAverageSharesOutstanding": 166.334,
        "dilutedEPS": 0.31,
        "ebit": 77.933,
        "grossIncome": 463.942,
        "interestIncomeExpense": -0.351,
        "netIncome": 51.713,
        "netIncomeAfterTaxes": 51.713,
        "nonRecurringItems": -5,
        "period": "2018-07-29",
        "pretaxIncome": 72.582,
        "provisionforIncomeTaxes": 20.869,
        "revenue": 1275.174,
        "sgaExpense": 386.009,
        "totalOperatingExpense": 386.009
      },
      {
        "costOfGoodsSold": 770.836,
        "dilutedAverageSharesOutstanding": 168.348,
        "dilutedEPS": 0.26,
        "ebit": 70.707,
        "grossIncome": 432.164,
        "interestIncomeExpense": 1.542,
        "netIncome": 45.168,
        "netIncomeAfterTaxes": 48.039,
        "nonRecurringItems": -6.9,
        "period": "2018-04-29",
        "pretaxIncome": 65.349,
        "provisionforIncomeTaxes": 17.31,
        "revenue": 1203,
        "sgaExpense": 361.457,
        "totalOperatingExpense": 361.457
      },
      {
        "costOfGoodsSold": 1033.737,
        "dilutedAverageSharesOutstanding": 169.148,
        "dilutedEPS": 0.56,
        "ebit": 210.217,
        "grossIncome": 646.173,
        "interestIncomeExpense": -2.575,
        "netIncome": 95.76,
        "netIncomeAfterTaxes": 137.26,
        "nonRecurringItems": -9.1,
        "period": "2018-01-28",
        "pretaxIncome": 198.542,
        "provisionforIncomeTaxes": 61.282,
        "revenue": 1679.91,
        "sgaExpense": 435.956,
        "totalOperatingExpense": 435.956
      },
      {
        "costOfGoodsSold": 832.269,
        "dilutedAverageSharesOutstanding": 170.768,
        "dilutedEPS": 0.42,
        "ebit": 109.041,
        "grossIncome": 467.067,
        "interestIncomeExpense": 1.178,
        "netIncome": 71.313,
        "netIncomeAfterTaxes": 71.313,
        "nonRecurringItems": 0,
        "period": "2017-10-29",
        "pretaxIncome": 110.219,
        "provisionforIncomeTaxes": 38.906,
        "revenue": 1299.336,
        "sgaExpense": 358.026,
        "totalOperatingExpense": 358.026
      },
      {
        "costOfGoodsSold": 778.895,
        "dilutedAverageSharesOutstanding": 173.696,
        "dilutedEPS": 0.3,
        "ebit": 81.537,
        "grossIncome": 422.711,
        "interestIncomeExpense": -0.436,
        "netIncome": 52.917,
        "netIncomeAfterTaxes": 52.917,
        "nonRecurringItems": 0,
        "period": "2017-07-30",
        "pretaxIncome": 81.101,
        "provisionforIncomeTaxes": 28.184,
        "revenue": 1201.606,
        "sgaExpense": 341.174,
        "totalOperatingExpense": 341.174
      },
      {
        "costOfGoodsSold": 715.747,
        "dilutedAverageSharesOutstanding": 175.42,
        "dilutedEPS": 0.23,
        "ebit": 68.507,
        "grossIncome": 395.76,
        "interestIncomeExpense": -0.23,
        "netIncome": 39.555,
        "netIncomeAfterTaxes": 39.555,
        "nonRecurringItems": -5.7,
        "period": "2017-04-30",
        "pretaxIncome": 62.577,
        "provisionforIncomeTaxes": 23.022,
        "revenue": 1111.507,
        "sgaExpense": 327.253,
        "totalOperatingExpense": 327.253
      },
      {
        "costOfGoodsSold": 959.55,
        "dilutedAverageSharesOutstanding": 177.112,
        "dilutedEPS": 0.82,
        "ebit": 215.819,
        "grossIncome": 622.031,
        "interestIncomeExpense": -0.101,
        "netIncome": 144.627,
        "netIncomeAfterTaxes": 144.627,
        "nonRecurringItems": 0,
        "period": "2017-01-29",
        "pretaxIncome": 215.718,
        "provisionforIncomeTaxes": 71.091,
        "revenue": 1581.581,
        "sgaExpense": 406.212,
        "totalOperatingExpense": 406.212
      },
      {
        "costOfGoodsSold": 787.162,
        "dilutedAverageSharesOutstanding": 178.288,
        "dilutedEPS": 0.39,
        "ebit": 111.179,
        "grossIncome": 458.223,
        "interestIncomeExpense": -0.488,
        "netIncome": 69.378,
        "netIncomeAfterTaxes": 69.378,
        "nonRecurringItems": -1.2,
        "period": "2016-10-30",
        "pretaxIncome": 109.491,
        "provisionforIncomeTaxes": 40.113,
        "revenue": 1245.385,
        "sgaExpense": 347.044,
        "totalOperatingExpense": 347.044
      },
      {
        "costOfGoodsSold": 748.49,
        "dilutedAverageSharesOutstanding": 179.472,
        "dilutedEPS": 0.29,
        "ebit": 83.276,
        "grossIncome": 410.539,
        "interestIncomeExpense": -0.167,
        "netIncome": 51.785,
        "netIncomeAfterTaxes": 51.785,
        "nonRecurringItems": 0,
        "period": "2016-07-31",
        "pretaxIncome": 83.109,
        "provisionforIncomeTaxes": 31.324,
        "revenue": 1159.029,
        "sgaExpense": 327.263,
        "totalOperatingExpense": 327.263
      },
      {
        "costOfGoodsSold": 705.3,
        "dilutedAverageSharesOutstanding": 181.028,
        "dilutedEPS": 0.22,
        "ebit": 76.725,
        "grossIncome": 392.517,
        "interestIncomeExpense": 0.068,
        "netIncome": 39.597,
        "netIncomeAfterTaxes": 39.597,
        "nonRecurringItems": -13.2,
        "period": "2016-05-01",
        "pretaxIncome": 63.593,
        "provisionforIncomeTaxes": 23.996,
        "revenue": 1097.817,
        "sgaExpense": 315.792,
        "totalOperatingExpense": 315.792
      },
      {
        "costOfGoodsSold": 978.744,
        "dilutedAverageSharesOutstanding": 181.36,
        "dilutedEPS": 0.78,
        "ebit": 222.68,
        "grossIncome": 607.56,
        "interestIncomeExpense": -0.002,
        "netIncome": 141.128,
        "netIncomeAfterTaxes": 141.128,
        "period": "2016-01-31",
        "pretaxIncome": 222.678,
        "provisionforIncomeTaxes": 81.55,
        "revenue": 1586.304,
        "sgaExpense": 384.88,
        "totalOperatingExpense": 384.88
      },
      {
        "costOfGoodsSold": 780.894,
        "dilutedAverageSharesOutstanding": 183.602,
        "dilutedEPS": 0.38,
        "ebit": 110.683,
        "grossIncome": 451.188,
        "interestIncomeExpense": -0.342,
        "netIncome": 70.482,
        "netIncomeAfterTaxes": 70.482,
        "period": "2015-11-01",
        "pretaxIncome": 110.341,
        "provisionforIncomeTaxes": 39.859,
        "revenue": 1232.082,
        "sgaExpense": 340.505,
        "totalOperatingExpense": 340.505
      },
      {
        "costOfGoodsSold": 720.403,
        "dilutedAverageSharesOutstanding": 185.128,
        "dilutedEPS": 0.29,
        "ebit": 83.343,
        "grossIncome": 406.625,
        "interestIncomeExpense": -0.275,
        "netIncome": 53.668,
        "netIncomeAfterTaxes": 53.668,
        "period": "2015-08-02",
        "pretaxIncome": 83.068,
        "provisionforIncomeTaxes": 29.4,
        "revenue": 1127.028,
        "sgaExpense": 323.282,
        "totalOperatingExpense": 323.282
      }
    ],
    "symbol": "WSM"
  }
}