{
  "symbol": "NFLX",
  "statement": "ic",
  "frequency": "quarterly",
  "timestamp": "2025-09-19T14:04:30.025722",
  "data": {
    "financials": [
      {
        "costOfGoodsSold": 5325.311,
        "dilutedAverageSharesOutstanding": 434.883,
        "dilutedEPS": 7.19,
        "ebit": 3774.694,
        "grossIncome": 5753.855,
        "interestExpense": 182.649,
        "interestIncomeExpense": -143.019,
        "netIncome": 3125.413,
        "netIncomeAfterTaxes": 3125.413,
        "period": "2025-06-30",
        "pretaxIncome": 3631.675,
        "provisionforIncomeTaxes": 506.262,
        "researchDevelopment": 824.683,
        "revenue": 11079.166,
        "sgaExpense": 1154.478,
        "totalOperatingExpense": 1979.161
      },
      {
        "costOfGoodsSold": 5263.147,
        "dilutedAverageSharesOutstanding": 436.962,
        "dilutedEPS": 6.61,
        "ebit": 3346.999,
        "grossIncome": 5279.654,
        "interestExpense": 184.172,
        "interestIncomeExpense": -133.273,
        "netIncome": 2890.351,
        "netIncomeAfterTaxes": 2890.351,
        "period": "2025-03-31",
        "pretaxIncome": 3213.726,
        "provisionforIncomeTaxes": 323.375,
        "researchDevelopment": 822.823,
        "revenue": 10542.801,
        "sgaExpense": 1109.832,
        "totalOperatingExpense": 1932.655
      },
      {
        "costOfGoodsSold": 5767.364,
        "dilutedAverageSharesOutstanding": 437.773,
        "dilutedEPS": 4.27,
        "ebit": 2272.766,
        "grossIncome": 4479.149,
        "interestExpense": 192.603,
        "interestIncomeExpense": -138.498,
        "netIncome": 1868.607,
        "netIncomeAfterTaxes": 1868.607,
        "period": "2024-12-31",
        "pretaxIncome": 2134.268,
        "provisionforIncomeTaxes": 265.661,
        "researchDevelopment": 776.505,
        "revenue": 10246.513,
        "sgaExpense": 1429.878,
        "totalOperatingExpense": 2206.383
      },
      {
        "costOfGoodsSold": 5119.884,
        "dilutedAverageSharesOutstanding": 437.898,
        "dilutedEPS": 5.4,
        "ebit": 2909.477,
        "grossIncome": 4704.819,
        "interestExpense": 184.83,
        "interestIncomeExpense": -206.523,
        "netIncome": 2363.509,
        "netIncomeAfterTaxes": 2363.509,
        "period": "2024-09-30",
        "pretaxIncome": 2702.954,
        "provisionforIncomeTaxes": 339.445,
        "researchDevelopment": 735.063,
        "revenue": 9824.703,
        "sgaExpense": 1060.279,
        "totalOperatingExpense": 1795.342
      },
      {
        "costOfGoodsSold": 5174.143,
        "dilutedAverageSharesOutstanding": 439.739,
        "dilutedEPS": 4.88,
        "ebit": 2602.837,
        "grossIncome": 4385.167,
        "interestExpense": 167.986,
        "interestIncomeExpense": -88.981,
        "netIncome": 2147.306,
        "netIncomeAfterTaxes": 2147.306,
        "period": "2024-06-30",
        "pretaxIncome": 2513.856,
        "provisionforIncomeTaxes": 366.55,
        "researchDevelopment": 711.254,
        "revenue": 9559.31,
        "sgaExpense": 1071.076,
        "totalOperatingExpense": 1782.33
      },
      {
        "costOfGoodsSold": 4977.073,
        "dilutedAverageSharesOutstanding": 441.654,
        "dilutedEPS": 5.28,
        "ebit": 2632.534,
        "grossIncome": 4393.367,
        "interestExpense": 173.314,
        "interestIncomeExpense": -17.955,
        "netIncome": 2332.209,
        "netIncomeAfterTaxes": 2332.209,
        "period": "2024-03-31",
        "pretaxIncome": 2614.579,
        "provisionforIncomeTaxes": 282.37,
        "researchDevelopment": 702.473,
        "revenue": 9370.44,
        "sgaExpense": 1058.36,
        "totalOperatingExpense": 1760.833
      },
      {
        "costOfGoodsSold": 5307.485,
        "dilutedAverageSharesOutstanding": 444.035,
        "dilutedEPS": 2.11,
        "ebit": 1496.109,
        "grossIncome": 3525.34,
        "interestExpense": 175.212,
        "interestIncomeExpense": -347.959,
        "netIncome": 937.838,
        "netIncomeAfterTaxes": 937.838,
        "period": "2023-12-31",
        "pretaxIncome": 1148.15,
        "provisionforIncomeTaxes": 210.312,
        "researchDevelopment": 673.341,
        "revenue": 8832.825,
        "sgaExpense": 1355.89,
        "totalOperatingExpense": 2029.231
      },
      {
        "costOfGoodsSold": 4930.788,
        "dilutedAverageSharesOutstanding": 450.011,
        "dilutedEPS": 3.73,
        "ebit": 1916.394,
        "grossIncome": 3610.88,
        "interestExpense": 175.563,
        "interestIncomeExpense": -7.345,
        "netIncome": 1677.422,
        "netIncomeAfterTaxes": 1677.422,
        "period": "2023-09-30",
        "pretaxIncome": 1909.049,
        "provisionforIncomeTaxes": 231.627,
        "researchDevelopment": 657.159,
        "revenue": 8541.668,
        "sgaExpense": 1037.327,
        "totalOperatingExpense": 1694.486
      },
      {
        "costOfGoodsSold": 4673.47,
        "dilutedAverageSharesOutstanding": 451.572,
        "dilutedEPS": 3.29,
        "ebit": 1827.183,
        "grossIncome": 3513.831,
        "interestExpense": 174.812,
        "interestIncomeExpense": -147.851,
        "netIncome": 1487.61,
        "netIncomeAfterTaxes": 1487.61,
        "period": "2023-06-30",
        "pretaxIncome": 1679.332,
        "provisionforIncomeTaxes": 191.722,
        "researchDevelopment": 657.983,
        "revenue": 8187.301,
        "sgaExpense": 1028.665,
        "totalOperatingExpense": 1686.648
      },
      {
        "costOfGoodsSold": 4803.625,
        "dilutedAverageSharesOutstanding": 452.417,
        "dilutedEPS": 2.88,
        "ebit": 1714.317,
        "grossIncome": 3357.878,
        "interestExpense": 174.239,
        "interestIncomeExpense": -245.443,
        "netIncome": 1305.12,
        "netIncomeAfterTaxes": 1305.12,
        "period": "2023-03-31",
        "pretaxIncome": 1468.874,
        "provisionforIncomeTaxes": 163.754,
        "researchDevelopment": 687.275,
        "revenue": 8161.503,
        "sgaExpense": 956.286,
        "totalOperatingExpense": 1643.561
      },
      {
        "costOfGoodsSold": 5404.16,
        "dilutedAverageSharesOutstanding": 451.656,
        "dilutedEPS": 0.12,
        "ebit": 549.904,
        "grossIncome": 2447.893,
        "interestExpense": 170.603,
        "interestIncomeExpense": -510.568,
        "netIncome": 55.284,
        "netIncomeAfterTaxes": -313.692,
        "period": "2022-12-31",
        "pretaxIncome": 39.336,
        "provisionforIncomeTaxes": 353.028,
        "researchDevelopment": 673.926,
        "revenue": 7852.053,
        "sgaExpense": 1224.063,
        "totalOperatingExpense": 1897.989
      },
      {
        "costOfGoodsSold": 4788.665,
        "dilutedAverageSharesOutstanding": 450.344,
        "dilutedEPS": 3.1,
        "ebit": 1533.018,
        "grossIncome": 3136.924,
        "interestExpense": 172.575,
        "interestIncomeExpense": 88.829,
        "netIncome": 1398.242,
        "netIncomeAfterTaxes": 1398.242,
        "period": "2022-09-30",
        "pretaxIncome": 1621.847,
        "provisionforIncomeTaxes": 223.605,
        "researchDevelopment": 662.739,
        "revenue": 7925.589,
        "sgaExpense": 941.167,
        "totalOperatingExpense": 1603.906
      },
      {
        "costOfGoodsSold": 4690.755,
        "dilutedAverageSharesOutstanding": 450.169,
        "dilutedEPS": 3.2,
        "ebit": 1578.283,
        "grossIncome": 3279.386,
        "interestExpense": 175.455,
        "interestIncomeExpense": 44.771,
        "netIncome": 1440.951,
        "netIncomeAfterTaxes": 1440.951,
        "period": "2022-06-30",
        "pretaxIncome": 1623.054,
        "provisionforIncomeTaxes": 182.103,
        "researchDevelopment": 716.846,
        "revenue": 7970.141,
        "sgaExpense": 984.257,
        "totalOperatingExpense": 1701.103
      },
      {
        "costOfGoodsSold": 4284.705,
        "dilutedAverageSharesOutstanding": 452.984,
        "dilutedEPS": 3.53,
        "ebit": 1971.626,
        "grossIncome": 3583.062,
        "interestExpense": 187.579,
        "interestIncomeExpense": 8.066,
        "netIncome": 1597.447,
        "netIncomeAfterTaxes": 1597.447,
        "period": "2022-03-31",
        "pretaxIncome": 1979.692,
        "provisionforIncomeTaxes": 382.245,
        "researchDevelopment": 657.53,
        "revenue": 7867.767,
        "sgaExpense": 953.906,
        "totalOperatingExpense": 1611.436
      },
      {
        "costOfGoodsSold": 5239.575,
        "dilutedAverageSharesOutstanding": 455.798,
        "dilutedEPS": 1.33,
        "ebit": 631.77,
        "grossIncome": 2469.743,
        "interestExpense": 189.429,
        "interestIncomeExpense": -80.917,
        "netIncome": 607.429,
        "netIncomeAfterTaxes": 352.666,
        "period": "2021-12-31",
        "pretaxIncome": 550.853,
        "provisionforIncomeTaxes": 198.187,
        "researchDevelopment": 647.47,
        "revenue": 7709.318,
        "sgaExpense": 1190.503,
        "totalOperatingExpense": 1837.973
      },
      {
        "costOfGoodsSold": 4206.589,
        "dilutedAverageSharesOutstanding": 454.925,
        "dilutedEPS": 3.19,
        "ebit": 1755.253,
        "grossIncome": 3276.878,
        "interestExpense": 190.429,
        "interestIncomeExpense": -94.294,
        "netIncome": 1449.071,
        "netIncomeAfterTaxes": 1449.071,
        "period": "2021-09-30",
        "pretaxIncome": 1660.959,
        "provisionforIncomeTaxes": 211.888,
        "researchDevelopment": 563.887,
        "revenue": 7483.467,
        "sgaExpense": 957.738,
        "totalOperatingExpense": 1521.625
      },
      {
        "costOfGoodsSold": 4018.008,
        "dilutedAverageSharesOutstanding": 455.129,
        "dilutedEPS": 2.97,
        "ebit": 1847.63,
        "grossIncome": 3323.769,
        "interestExpense": 191.322,
        "interestIncomeExpense": -253.841,
        "netIncome": 1353.013,
        "netIncomeAfterTaxes": 1353.013,
        "period": "2021-06-30",
        "pretaxIncome": 1593.789,
        "provisionforIncomeTaxes": 240.776,
        "researchDevelopment": 537.321,
        "revenue": 7341.777,
        "sgaExpense": 938.818,
        "totalOperatingExpense": 1476.139
      },
      {
        "costOfGoodsSold": 3868.511,
        "dilutedAverageSharesOutstanding": 455.641,
        "dilutedEPS": 3.75,
        "ebit": 1959.856,
        "grossIncome": 3294.771,
        "interestExpense": 194.44,
        "interestIncomeExpense": 74.646,
        "netIncome": 1706.715,
        "netIncomeAfterTaxes": 1706.715,
        "period": "2021-03-31",
        "pretaxIncome": 2034.502,
        "provisionforIncomeTaxes": 327.787,
        "researchDevelopment": 525.207,
        "revenue": 7163.282,
        "sgaExpense": 809.708,
        "totalOperatingExpense": 1334.915
      },
      {
        "costOfGoodsSold": 3894.16,
        "dilutedAverageSharesOutstanding": 455.294,
        "dilutedEPS": 1.19,
        "ebit": 1225.242,
        "grossIncome": 2750.282,
        "interestExpense": 197.186,
        "interestIncomeExpense": -447.825,
        "netIncome": 542.156,
        "netIncomeAfterTaxes": 454.962,
        "nonRecurringItems": -271,
        "period": "2020-12-31",
        "pretaxIncome": 506.417,
        "provisionforIncomeTaxes": 51.455,
        "researchDevelopment": 486.936,
        "revenue": 6644.442,
        "sgaExpense": 1038.104,
        "totalOperatingExpense": 1525.04
      },
      {
        "costOfGoodsSold": 3590.751,
        "dilutedAverageSharesOutstanding": 455.088,
        "dilutedEPS": 1.74,
        "ebit": 1591.863,
        "grossIncome": 2844.886,
        "interestExpense": 197.079,
        "interestIncomeExpense": -453.403,
        "netIncome": 789.976,
        "netIncomeAfterTaxes": 789.976,
        "nonRecurringItems": -277,
        "period": "2020-09-30",
        "pretaxIncome": 861.46,
        "provisionforIncomeTaxes": 71.484,
        "researchDevelopment": 453.802,
        "revenue": 6435.637,
        "sgaExpense": 799.221,
        "totalOperatingExpense": 1253.023
      },
      {
        "costOfGoodsSold": 3442.707,
        "dilutedAverageSharesOutstanding": 453.945,
        "dilutedEPS": 1.59,
        "ebit": 1558.928,
        "grossIncome": 2705.579,
        "interestExpense": 189.151,
        "interestIncomeExpense": -322.326,
        "netIncome": 720.196,
        "netIncomeAfterTaxes": 720.196,
        "nonRecurringItems": -201,
        "period": "2020-06-30",
        "pretaxIncome": 1035.602,
        "provisionforIncomeTaxes": 315.406,
        "researchDevelopment": 435.045,
        "revenue": 6148.286,
        "sgaExpense": 711.606,
        "totalOperatingExpense": 1146.651
      },
      {
        "costOfGoodsSold": 3381.701,
        "dilutedAverageSharesOutstanding": 452.494,
        "dilutedEPS": 1.57,
        "ebit": 1176.256,
        "grossIncome": 2385.99,
        "interestExpense": 184.083,
        "interestIncomeExpense": -162.386,
        "netIncome": 709.067,
        "netIncomeAfterTaxes": 709.067,
        "nonRecurringItems": -218,
        "period": "2020-03-31",
        "pretaxIncome": 795.87,
        "provisionforIncomeTaxes": 86.803,
        "researchDevelopment": 453.817,
        "revenue": 5767.691,
        "sgaExpense": 755.917,
        "totalOperatingExpense": 1209.734
      },
      {
        "costOfGoodsSold": 3466.023,
        "dilutedAverageSharesOutstanding": 451.372,
        "dilutedEPS": 1.3,
        "ebit": 458.512,
        "grossIncome": 2001.411,
        "interestExpense": 177.801,
        "interestIncomeExpense": -309.179,
        "netIncome": 586.97,
        "netIncomeAfterTaxes": 459.436,
        "period": "2019-12-31",
        "pretaxIncome": 149.333,
        "provisionforIncomeTaxes": -310.103,
        "researchDevelopment": 409.376,
        "revenue": 5467.434,
        "sgaExpense": 1133.523,
        "totalOperatingExpense": 1542.899
      },
      {
        "costOfGoodsSold": 3097.919,
        "dilutedAverageSharesOutstanding": 451.552,
        "dilutedEPS": 1.47,
        "ebit": 980.239,
        "grossIncome": 2146.986,
        "interestExpense": 160.66,
        "interestIncomeExpense": 32.084,
        "netIncome": 665.244,
        "netIncomeAfterTaxes": 665.244,
        "period": "2019-09-30",
        "pretaxIncome": 1012.323,
        "provisionforIncomeTaxes": 347.079,
        "researchDevelopment": 379.776,
        "revenue": 5244.905,
        "sgaExpense": 786.971,
        "totalOperatingExpense": 1166.747
      },
      {
        "costOfGoodsSold": 3005.657,
        "dilutedAverageSharesOutstanding": 452.195,
        "dilutedEPS": 0.6,
        "ebit": 706.419,
        "grossIncome": 1917.459,
        "interestExpense": 152.033,
        "interestIncomeExpense": -205.503,
        "netIncome": 270.65,
        "netIncomeAfterTaxes": 270.65,
        "period": "2019-06-30",
        "pretaxIncome": 500.916,
        "provisionforIncomeTaxes": 230.266,
        "researchDevelopment": 383.233,
        "revenue": 4923.116,
        "sgaExpense": 827.807,
        "totalOperatingExpense": 1211.04
      },
      {
        "costOfGoodsSold": 2870.614,
        "dilutedAverageSharesOutstanding": 451.922,
        "dilutedEPS": 0.76,
        "ebit": 459.084,
        "grossIncome": 1650.378,
        "interestExpense": 135.529,
        "interestIncomeExpense": -59.425,
        "netIncome": 344.052,
        "netIncomeAfterTaxes": 344.052,
        "period": "2019-03-31",
        "pretaxIncome": 399.659,
        "provisionforIncomeTaxes": 55.607,
        "researchDevelopment": 372.764,
        "revenue": 4520.992,
        "sgaExpense": 818.53,
        "totalOperatingExpense": 1191.294
      },
      {
        "costOfGoodsSold": 3069.25,
        "dilutedAverageSharesOutstanding": 451.127,
        "dilutedEPS": 0.29,
        "ebit": 215.767,
        "grossIncome": 1117.591,
        "interestExpense": 128.807,
        "interestIncomeExpense": -96.371,
        "netIncome": 133.934,
        "netIncomeAfterTaxes": 142.633,
        "period": "2018-12-31",
        "pretaxIncome": 119.396,
        "provisionforIncomeTaxes": -23.237,
        "researchDevelopment": 276.845,
        "revenue": 4186.841,
        "sgaExpense": 624.979,
        "totalOperatingExpense": 901.824
      },
      {
        "costOfGoodsSold": 2412.346,
        "dilutedAverageSharesOutstanding": 451.919,
        "dilutedEPS": 0.89,
        "ebit": 480.668,
        "grossIncome": 1587.028,
        "interestExpense": 108.862,
        "interestIncomeExpense": -101.858,
        "netIncome": 402.835,
        "netIncomeAfterTaxes": 365.235,
        "period": "2018-09-30",
        "pretaxIncome": 378.81,
        "provisionforIncomeTaxes": 13.575,
        "researchDevelopment": 327.026,
        "revenue": 3999.374,
        "sgaExpense": 779.334,
        "totalOperatingExpense": 1106.36
      },
      {
        "costOfGoodsSold": 2289.867,
        "dilutedAverageSharesOutstanding": 451.552,
        "dilutedEPS": 0.85,
        "ebit": 462.213,
        "grossIncome": 1617.403,
        "interestExpense": 101.605,
        "interestIncomeExpense": -33.577,
        "netIncome": 384.349,
        "netIncomeAfterTaxes": 384.349,
        "period": "2018-06-30",
        "pretaxIncome": 428.636,
        "provisionforIncomeTaxes": 44.287,
        "researchDevelopment": 317.213,
        "revenue": 3907.27,
        "sgaExpense": 837.977,
        "totalOperatingExpense": 1155.19
      },
      {
        "costOfGoodsSold": 2196.075,
        "dilutedAverageSharesOutstanding": 450.359,
        "dilutedEPS": 0.64,
        "ebit": 446.578,
        "grossIncome": 1504.781,
        "interestExpense": 81.219,
        "interestIncomeExpense": -146.962,
        "netIncome": 290.124,
        "netIncomeAfterTaxes": 290.124,
        "period": "2018-03-31",
        "pretaxIncome": 299.616,
        "provisionforIncomeTaxes": 9.492,
        "researchDevelopment": 300.73,
        "revenue": 3700.856,
        "sgaExpense": 757.473,
        "totalOperatingExpense": 1058.203
      },
      {
        "costOfGoodsSold": 2107.354,
        "dilutedAverageSharesOutstanding": 448.155,
        "dilutedEPS": 0.41,
        "ebit": 245.303,
        "grossIncome": 1178.401,
        "interestExpense": 75.292,
        "interestIncomeExpense": -113.973,
        "netIncome": 185.517,
        "netIncomeAfterTaxes": 264.617,
        "period": "2017-12-31",
        "pretaxIncome": 131.33,
        "provisionforIncomeTaxes": -133.287,
        "researchDevelopment": 273.351,
        "revenue": 3285.755,
        "sgaExpense": 659.747,
        "totalOperatingExpense": 933.098
      },
      {
        "costOfGoodsSold": 1992.98,
        "dilutedAverageSharesOutstanding": 447.362,
        "dilutedEPS": 0.29,
        "ebit": 208.627,
        "grossIncome": 991.879,
        "interestExpense": 60.688,
        "interestIncomeExpense": -92.39,
        "netIncome": 129.59,
        "netIncomeAfterTaxes": 129.59,
        "period": "2017-09-30",
        "pretaxIncome": 116.237,
        "provisionforIncomeTaxes": -13.353,
        "researchDevelopment": 255.236,
        "revenue": 2984.859,
        "sgaExpense": 528.016,
        "totalOperatingExpense": 783.252
      },
      {
        "costOfGoodsSold": 1902.308,
        "dilutedAverageSharesOutstanding": 446.262,
        "dilutedEPS": 0.15,
        "ebit": 127.807,
        "grossIncome": 883.156,
        "interestExpense": 55.482,
        "interestIncomeExpense": -113.845,
        "netIncome": 65.6,
        "netIncomeAfterTaxes": 65.6,
        "period": "2017-06-30",
        "pretaxIncome": 13.962,
        "provisionforIncomeTaxes": -51.638,
        "researchDevelopment": 267.083,
        "revenue": 2785.464,
        "sgaExpense": 488.266,
        "totalOperatingExpense": 755.349
      },
      {
        "costOfGoodsSold": 1657.024,
        "dilutedAverageSharesOutstanding": 445.458,
        "dilutedEPS": 0.4,
        "ebit": 256.942,
        "grossIncome": 979.611,
        "interestExpense": 46.742,
        "interestIncomeExpense": -33.15,
        "netIncome": 178.222,
        "netIncomeAfterTaxes": 178.222,
        "period": "2017-03-31",
        "pretaxIncome": 223.792,
        "provisionforIncomeTaxes": 45.57,
        "researchDevelopment": 257.108,
        "revenue": 2636.635,
        "sgaExpense": 465.561,
        "totalOperatingExpense": 722.669
      },
      {
        "costOfGoodsSold": 1654.419,
        "dilutedAverageSharesOutstanding": 440.068,
        "dilutedEPS": 0.15,
        "ebit": 153.934,
        "grossIncome": 823.122,
        "interestExpense": 43.586,
        "interestIncomeExpense": -63.665,
        "netIncome": 66.748,
        "netIncomeAfterTaxes": 66.748,
        "period": "2016-12-31",
        "pretaxIncome": 90.269,
        "provisionforIncomeTaxes": 23.521,
        "researchDevelopment": 225.191,
        "revenue": 2477.541,
        "sgaExpense": 443.997,
        "totalOperatingExpense": 669.188
      },
      {
        "costOfGoodsSold": 1532.844,
        "dilutedAverageSharesOutstanding": 438.389,
        "dilutedEPS": 0.12,
        "ebit": 106.036,
        "grossIncome": 757.344,
        "interestExpense": 35.536,
        "interestIncomeExpense": -26.909,
        "netIncome": 51.517,
        "netIncomeAfterTaxes": 51.517,
        "period": "2016-09-30",
        "pretaxIncome": 79.127,
        "provisionforIncomeTaxes": 27.61,
        "researchDevelopment": 216.099,
        "revenue": 2290.188,
        "sgaExpense": 435.209,
        "totalOperatingExpense": 651.308
      },
      {
        "costOfGoodsSold": 1473.098,
        "dilutedAverageSharesOutstanding": 438.154,
        "dilutedEPS": 0.09,
        "ebit": 70.37,
        "grossIncome": 632.106,
        "interestExpense": 35.455,
        "interestIncomeExpense": -19.138,
        "netIncome": 40.755,
        "netIncomeAfterTaxes": 40.755,
        "period": "2016-06-30",
        "pretaxIncome": 51.232,
        "provisionforIncomeTaxes": 10.477,
        "researchDevelopment": 207.3,
        "revenue": 2105.204,
        "sgaExpense": 354.436,
        "totalOperatingExpense": 561.736
      },
      {
        "costOfGoodsSold": 1369.54,
        "dilutedAverageSharesOutstanding": 437.993,
        "dilutedEPS": 0.06,
        "ebit": 49.453,
        "grossIncome": 588.196,
        "interestExpense": 35.537,
        "interestIncomeExpense": -9.574,
        "netIncome": 27.658,
        "netIncomeAfterTaxes": 27.658,
        "period": "2016-03-31",
        "pretaxIncome": 39.879,
        "provisionforIncomeTaxes": 12.221,
        "researchDevelopment": 203.508,
        "revenue": 1957.736,
        "sgaExpense": 335.235,
        "totalOperatingExpense": 538.743
      },
      {
        "costOfGoodsSold": 1249.365,
        "dilutedAverageSharesOutstanding": 438.277,
        "dilutedEPS": 0.1,
        "ebit": 59.894,
        "grossIncome": 573.968,
        "interestExpense": 35.429,
        "interestIncomeExpense": -39.163,
        "netIncome": 43.178,
        "netIncomeAfterTaxes": 43.178,
        "nonRecurringItems": 0,
        "period": "2015-12-31",
        "pretaxIncome": 20.731,
        "provisionforIncomeTaxes": -22.447,
        "researchDevelopment": 180.859,
        "revenue": 1823.333,
        "sgaExpense": 333.215,
        "totalOperatingExpense": 514.074
      },
      {
        "costOfGoodsSold": 1173.958,
        "dilutedAverageSharesOutstanding": 437.606,
        "dilutedEPS": 0.07,
        "ebit": 73.641,
        "grossIncome": 564.397,
        "interestExpense": 35.333,
        "interestIncomeExpense": -31.403,
        "netIncome": 29.432,
        "netIncomeAfterTaxes": 29.432,
        "period": "2015-09-30",
        "pretaxIncome": 42.238,
        "provisionforIncomeTaxes": 12.806,
        "researchDevelopment": 171.762,
        "revenue": 1738.355,
        "sgaExpense": 318.994,
        "totalOperatingExpense": 490.756
      }
    ],
    "symbol": "NFLX"
  }
}