{
  "symbol": "BF.B",
  "statement": "ic",
  "frequency": "annual",
  "timestamp": "2025-09-19T13:57:07.890773",
  "data": {
    "financials": [
      {
        "costOfGoodsSold": 1632,
        "dilutedAverageSharesOutstanding": 472.95,
        "dilutedEPS": 1.8374,
        "ebit": 1226,
        "grossIncome": 2343,
        "interestExpense": 122,
        "interestIncomeExpense": -22,
        "netIncome": 869,
        "netIncomeAfterTaxes": 869,
        "nonRecurringItems": -119,
        "otherOperatingExpensesTotal": -111,
        "period": "2025-04-30",
        "pretaxIncome": 1081,
        "provisionforIncomeTaxes": 212,
        "revenue": 3975,
        "sgaExpense": 1228,
        "totalOperatingExpense": 1117,
        "totalOtherIncomeExpenseNet": -4,
        "year": 2025
      },
      {
        "costOfGoodsSold": 1652,
        "dilutedAverageSharesOutstanding": 477.22,
        "dilutedEPS": 2.1458,
        "ebit": 1154,
        "grossIncome": 2526,
        "interestExpense": 127,
        "interestIncomeExpense": -113,
        "netIncome": 1024,
        "netIncomeAfterTaxes": 1024,
        "nonRecurringItems": 260,
        "otherOperatingExpensesTotal": 17,
        "period": "2024-04-30",
        "pretaxIncome": 1298,
        "provisionforIncomeTaxes": 274,
        "revenue": 4178,
        "sgaExpense": 1355,
        "totalOperatingExpense": 1372,
        "totalOtherIncomeExpenseNet": -3,
        "year": 2024
      },
      {
        "costOfGoodsSold": 1734,
        "dilutedAverageSharesOutstanding": 480.5,
        "dilutedEPS": 1.63,
        "ebit": 1223,
        "grossIncome": 2494,
        "interestExpense": 90,
        "interestIncomeExpense": -81,
        "netIncome": 783,
        "netIncomeAfterTaxes": 783,
        "nonRecurringItems": -96,
        "otherOperatingExpensesTotal": 23,
        "period": "2023-04-30",
        "pretaxIncome": 1017,
        "provisionforIncomeTaxes": 234,
        "revenue": 4228,
        "sgaExpense": 1248,
        "totalOperatingExpense": 1271,
        "totalOtherIncomeExpenseNet": -29,
        "year": 2023
      },
      {
        "costOfGoodsSold": 1542,
        "dilutedAverageSharesOutstanding": 480.6,
        "dilutedEPS": 1.74,
        "ebit": 1204,
        "grossIncome": 2391,
        "interestExpense": 82,
        "interestIncomeExpense": -77,
        "netIncome": 838,
        "netIncomeAfterTaxes": 838,
        "nonRecurringItems": 0,
        "otherOperatingExpensesTotal": 59,
        "period": "2022-04-30",
        "pretaxIncome": 1114,
        "provisionforIncomeTaxes": 276,
        "revenue": 3933,
        "sgaExpense": 1128,
        "totalOperatingExpense": 1187,
        "totalOtherIncomeExpenseNet": -13,
        "year": 2022
      },
      {
        "costOfGoodsSold": 1367,
        "dilutedAverageSharesOutstanding": 480.7,
        "dilutedEPS": 1.88,
        "ebit": 1039,
        "grossIncome": 2094,
        "interestExpense": 81,
        "interestIncomeExpense": -79,
        "netIncome": 903,
        "netIncomeAfterTaxes": 903,
        "nonRecurringItems": 127,
        "otherOperatingExpensesTotal": -15,
        "period": "2021-04-30",
        "pretaxIncome": 1081,
        "provisionforIncomeTaxes": 178,
        "revenue": 3461,
        "sgaExpense": 1070,
        "totalOperatingExpense": 1055,
        "totalOtherIncomeExpenseNet": -6,
        "year": 2021
      },
      {
        "costOfGoodsSold": 1236,
        "dilutedAverageSharesOutstanding": 480.4,
        "dilutedEPS": 1.72,
        "ebit": 1118,
        "grossIncome": 2127,
        "interestExpense": 82,
        "interestIncomeExpense": -91,
        "netIncome": 827,
        "netIncomeAfterTaxes": 827,
        "nonRecurringItems": -13,
        "otherOperatingExpensesTotal": -16,
        "period": "2020-04-30",
        "pretaxIncome": 1009,
        "provisionforIncomeTaxes": 182,
        "revenue": 3363,
        "sgaExpense": 1025,
        "totalOperatingExpense": 1009,
        "totalOtherIncomeExpenseNet": -5,
        "year": 2020
      },
      {
        "costOfGoodsSold": 1158,
        "dilutedAverageSharesOutstanding": 482.1,
        "dilutedEPS": 1.73,
        "ebit": 1150,
        "grossIncome": 2166,
        "interestExpense": 88,
        "interestIncomeExpense": -86,
        "netIncome": 835,
        "netIncomeAfterTaxes": 716,
        "otherOperatingExpensesTotal": -21,
        "period": "2019-04-30",
        "pretaxIncome": 1042,
        "provisionforIncomeTaxes": 326,
        "revenue": 3324,
        "sgaExpense": 1037,
        "totalOperatingExpense": 1016,
        "totalOtherIncomeExpenseNet": -22,
        "year": 2019
      },
      {
        "costOfGoodsSold": 1046,
        "dilutedAverageSharesOutstanding": 484.2,
        "dilutedEPS": 1.48,
        "ebit": 1057,
        "grossIncome": 2202,
        "interestExpense": 68,
        "interestIncomeExpense": -71,
        "netIncome": 717,
        "netIncomeAfterTaxes": 760,
        "otherOperatingExpensesTotal": -25,
        "period": "2018-04-30",
        "pretaxIncome": 977,
        "provisionforIncomeTaxes": 217,
        "revenue": 3248,
        "sgaExpense": 1170,
        "totalOperatingExpense": 1145,
        "totalOtherIncomeExpenseNet": -9,
        "year": 2018
      },
      {
        "costOfGoodsSold": 973,
        "dilutedAverageSharesOutstanding": 488.1,
        "dilutedEPS": 1.37,
        "ebit": 1005,
        "grossIncome": 2021,
        "interestExpense": 59,
        "interestIncomeExpense": -51,
        "netIncome": 669,
        "netIncomeAfterTaxes": 669,
        "otherOperatingExpensesTotal": -13,
        "period": "2017-04-30",
        "pretaxIncome": 933,
        "provisionforIncomeTaxes": 264,
        "revenue": 2994,
        "sgaExpense": 1029,
        "totalOperatingExpense": 1016,
        "totalOtherIncomeExpenseNet": -21,
        "year": 2017
      },
      {
        "costOfGoodsSold": 945,
        "dilutedAverageSharesOutstanding": 510.7,
        "dilutedEPS": 2.09,
        "ebit": 1043,
        "grossIncome": 2144,
        "interestExpense": 46,
        "interestIncomeExpense": -39,
        "netIncome": 1067,
        "netIncomeAfterTaxes": 1067,
        "nonRecurringItems": 485,
        "otherOperatingExpensesTotal": -4,
        "period": "2016-04-30",
        "pretaxIncome": 1489,
        "provisionforIncomeTaxes": 422,
        "revenue": 3089,
        "sgaExpense": 1105,
        "totalOperatingExpense": 1101,
        "year": 2016
      }
    ],
    "symbol": "BF.B"
  }
}