{
  "symbol": "MAA",
  "statement": "ic",
  "frequency": "quarterly",
  "timestamp": "2025-09-19T14:04:05.659886",
  "data": {
    "financials": [
      {
        "costOfGoodsSold": 232.165,
        "depreciationAmortization": 153.521,
        "dilutedAverageSharesOutstanding": 117.163,
        "dilutedEPS": 0.915,
        "ebit": 151.403,
        "equityEarningsAffiliates": 0.53,
        "gainLossOnDispositionOfAssets": -0.069,
        "grossIncome": 317.737,
        "interestExpense": 45.111,
        "interestIncomeExpense": -43.735,
        "minorityInterest": -2.748,
        "netIncome": 107.146,
        "netIncomeAfterTaxes": 110.345,
        "nonRecurringItems": 3.346,
        "period": "2025-06-30",
        "pretaxIncome": 110.945,
        "provisionforIncomeTaxes": 0.6,
        "revenue": 549.902,
        "sgaExpense": 12.813,
        "totalOperatingExpense": 166.334
      },
      {
        "costOfGoodsSold": 221.931,
        "depreciationAmortization": 152.35,
        "dilutedAverageSharesOutstanding": 117.092,
        "dilutedEPS": 1.5437,
        "ebit": 159.395,
        "equityEarningsAffiliates": 0.465,
        "gainLossOnDispositionOfAssets": 71.911,
        "grossIncome": 327.364,
        "interestExpense": 45.161,
        "interestIncomeExpense": -44.917,
        "minorityInterest": -4.733,
        "netIncome": 180.655,
        "netIncomeAfterTaxes": 185.941,
        "nonRecurringItems": 0.222,
        "period": "2025-03-31",
        "pretaxIncome": 186.979,
        "provisionforIncomeTaxes": 1.038,
        "revenue": 549.295,
        "sgaExpense": 15.619,
        "totalOperatingExpense": 167.969,
        "totalOtherIncomeExpenseNet": 0.368
      },
      {
        "costOfGoodsSold": 222.512,
        "depreciationAmortization": 150.852,
        "dilutedAverageSharesOutstanding": 116.83,
        "dilutedEPS": 1.4193,
        "ebit": 162.396,
        "equityEarningsAffiliates": 0.546,
        "gainLossOnDispositionOfAssets": 55.028,
        "grossIncome": 327.32,
        "interestExpense": 44.192,
        "interestIncomeExpense": -45.287,
        "minorityInterest": -4.428,
        "netIncome": 165.812,
        "netIncomeAfterTaxes": 170.528,
        "nonRecurringItems": -1.569,
        "period": "2024-12-31",
        "pretaxIncome": 172.283,
        "provisionforIncomeTaxes": 1.755,
        "revenue": 549.832,
        "sgaExpense": 14.072,
        "totalOperatingExpense": 164.924,
        "totalOtherIncomeExpenseNet": 1.715
      },
      {
        "costOfGoodsSold": 228.826,
        "depreciationAmortization": 146.722,
        "dilutedAverageSharesOutstanding": 116.82,
        "dilutedEPS": 0.9777,
        "ebit": 162.85,
        "equityEarningsAffiliates": 0.454,
        "gainLossOnDispositionOfAssets": 0,
        "grossIncome": 322.3,
        "interestExpense": 42.726,
        "interestIncomeExpense": -61.516,
        "minorityInterest": -3.035,
        "netIncome": 114.22,
        "netIncomeAfterTaxes": 117.776,
        "nonRecurringItems": 16.747,
        "period": "2024-09-30",
        "pretaxIncome": 118.446,
        "provisionforIncomeTaxes": 0.67,
        "revenue": 551.126,
        "sgaExpense": 12.728,
        "totalOperatingExpense": 159.45,
        "totalOtherIncomeExpenseNet": 0.365
      },
      {
        "costOfGoodsSold": 222.997,
        "depreciationAmortization": 145.022,
        "dilutedAverageSharesOutstanding": 116.783,
        "dilutedEPS": 0.8647,
        "ebit": 165.745,
        "equityEarningsAffiliates": 0.469,
        "gainLossOnDispositionOfAssets": -0.023,
        "grossIncome": 323.438,
        "interestExpense": 41.265,
        "interestIncomeExpense": -51.236,
        "minorityInterest": -2.709,
        "netIncome": 100.984,
        "netIncomeAfterTaxes": 104.193,
        "nonRecurringItems": -9.135,
        "period": "2024-06-30",
        "pretaxIncome": 105.213,
        "provisionforIncomeTaxes": 1.02,
        "revenue": 546.435,
        "sgaExpense": 12.671,
        "totalOperatingExpense": 157.693,
        "totalOtherIncomeExpenseNet": -0.138
      },
      {
        "costOfGoodsSold": 217.797,
        "depreciationAmortization": 143.02,
        "dilutedAverageSharesOutstanding": 116.78,
        "dilutedEPS": 1.223,
        "ebit": 165.76,
        "equityEarningsAffiliates": 0.482,
        "gainLossOnDispositionOfAssets": -0.002,
        "grossIncome": 325.825,
        "interestExpense": 40.361,
        "interestIncomeExpense": -23.179,
        "minorityInterest": -3.861,
        "netIncome": 142.765,
        "netIncomeAfterTaxes": 147.128,
        "nonRecurringItems": 5.085,
        "period": "2024-03-31",
        "pretaxIncome": 148.923,
        "provisionforIncomeTaxes": 1.795,
        "revenue": 543.622,
        "sgaExpense": 17.045,
        "totalOperatingExpense": 160.065,
        "totalOtherIncomeExpenseNet": 1.259
      },
      {
        "costOfGoodsSold": 209.249,
        "depreciationAmortization": 140.888,
        "dilutedAverageSharesOutstanding": 116.741,
        "dilutedEPS": 1.3667,
        "ebit": 176.861,
        "equityEarningsAffiliates": 0.516,
        "gainLossOnDispositionOfAssets": -0.001,
        "grossIncome": 332.998,
        "interestExpense": 38.579,
        "interestIncomeExpense": -15.26,
        "minorityInterest": -4.392,
        "netIncome": 159.491,
        "netIncomeAfterTaxes": 164.352,
        "nonRecurringItems": 2.462,
        "period": "2023-12-31",
        "pretaxIncome": 165.5,
        "provisionforIncomeTaxes": 1.148,
        "revenue": 542.247,
        "sgaExpense": 15.249,
        "totalOperatingExpense": 156.137,
        "totalOtherIncomeExpenseNet": 1.438
      },
      {
        "costOfGoodsSold": 215.5,
        "depreciationAmortization": 146.7,
        "dilutedAverageSharesOutstanding": 116.7,
        "dilutedEPS": 0.94,
        "ebit": 166.3,
        "equityEarningsAffiliates": 0.4,
        "gainLossOnDispositionOfAssets": -0.1,
        "grossIncome": 326.5,
        "interestExpense": 36.651,
        "interestIncomeExpense": -53.1,
        "minorityInterest": -3,
        "netIncome": 109.8,
        "netIncomeAfterTaxes": 113.3,
        "nonRecurringItems": -0.2,
        "period": "2023-09-30",
        "pretaxIncome": 113.1,
        "provisionforIncomeTaxes": -0.2,
        "revenue": 542,
        "sgaExpense": 13.5,
        "totalOperatingExpense": 160.2,
        "totalOtherIncomeExpenseNet": 0.1
      },
      {
        "costOfGoodsSold": 210.4,
        "depreciationAmortization": 139,
        "dilutedAverageSharesOutstanding": 116.7,
        "dilutedEPS": 1.24,
        "ebit": 171.9,
        "equityEarningsAffiliates": 0.4,
        "gainLossOnDispositionOfAssets": 0,
        "grossIncome": 324.7,
        "interestExpense": 36.723,
        "interestIncomeExpense": -25.2,
        "minorityInterest": -4,
        "netIncome": 144.7,
        "netIncomeAfterTaxes": 149.3,
        "nonRecurringItems": 1.5,
        "period": "2023-06-30",
        "pretaxIncome": 152.1,
        "provisionforIncomeTaxes": 2.9,
        "revenue": 535.1,
        "sgaExpense": 13.9,
        "totalOperatingExpense": 152.9,
        "totalOtherIncomeExpenseNet": 3.9
      },
      {
        "costOfGoodsSold": 200.7,
        "depreciationAmortization": 138.5,
        "dilutedAverageSharesOutstanding": 116.4,
        "dilutedEPS": 1.16,
        "ebit": 173.9,
        "equityEarningsAffiliates": 0.4,
        "gainLossOnDispositionOfAssets": 0.1,
        "grossIncome": 328.3,
        "interestExpense": 37.281,
        "interestIncomeExpense": -33.7,
        "minorityInterest": -3.7,
        "netIncome": 134.9,
        "netIncomeAfterTaxes": 139.2,
        "nonRecurringItems": -0.3,
        "period": "2023-03-31",
        "pretaxIncome": 140.1,
        "provisionforIncomeTaxes": 0.9,
        "revenue": 529,
        "sgaExpense": 15.9,
        "totalOperatingExpense": 154.5,
        "totalOtherIncomeExpenseNet": 0.1
      },
      {
        "costOfGoodsSold": 198.2,
        "depreciationAmortization": 138.2,
        "dilutedAverageSharesOutstanding": 115.6,
        "dilutedEPS": 1.67,
        "ebit": 176.8,
        "equityEarningsAffiliates": 0.5,
        "gainLossOnDispositionOfAssets": 82.8,
        "grossIncome": 329.8,
        "interestExpense": 38.084,
        "interestIncomeExpense": -53.6,
        "minorityInterest": -5.3,
        "netIncome": 192.6,
        "netIncomeAfterTaxes": 198.5,
        "nonRecurringItems": -7.3,
        "period": "2022-12-31",
        "pretaxIncome": 198,
        "provisionforIncomeTaxes": -0.5,
        "revenue": 528,
        "sgaExpense": 14.7,
        "totalOperatingExpense": 153,
        "totalOtherIncomeExpenseNet": -0.6
      },
      {
        "costOfGoodsSold": 207.7,
        "depreciationAmortization": 136.9,
        "dilutedAverageSharesOutstanding": 115.6,
        "dilutedEPS": 1.05,
        "ebit": 164.1,
        "equityEarningsAffiliates": 0.3,
        "gainLossOnDispositionOfAssets": 0.4,
        "grossIncome": 313.1,
        "interestExpense": 38.637,
        "interestIncomeExpense": -45.5,
        "minorityInterest": -3.4,
        "netIncome": 121.3,
        "netIncomeAfterTaxes": 125.4,
        "nonRecurringItems": 6.9,
        "period": "2022-09-30",
        "pretaxIncome": 124.1,
        "provisionforIncomeTaxes": -1.3,
        "revenue": 520.8,
        "sgaExpense": 12.2,
        "totalOperatingExpense": 149,
        "totalOtherIncomeExpenseNet": -1.8
      },
      {
        "costOfGoodsSold": 197.3,
        "depreciationAmortization": 134.1,
        "dilutedAverageSharesOutstanding": 115.6,
        "dilutedEPS": 1.82,
        "ebit": 148,
        "equityEarningsAffiliates": 0.4,
        "gainLossOnDispositionOfAssets": 132.3,
        "grossIncome": 297.7,
        "interestExpense": 38.905,
        "interestIncomeExpense": -77.2,
        "minorityInterest": -5.9,
        "netIncome": 209.6,
        "netIncomeAfterTaxes": 216.2,
        "nonRecurringItems": 14.3,
        "period": "2022-06-30",
        "pretaxIncome": 213.1,
        "provisionforIncomeTaxes": -3.1,
        "revenue": 495,
        "sgaExpense": 15.6,
        "totalOperatingExpense": 149.7,
        "totalOtherIncomeExpenseNet": -4.3
      },
      {
        "costOfGoodsSold": 186,
        "depreciationAmortization": 133.7,
        "dilutedAverageSharesOutstanding": 115.7,
        "dilutedEPS": 0.95,
        "ebit": 140.1,
        "equityEarningsAffiliates": 0.4,
        "gainLossOnDispositionOfAssets": 0,
        "grossIncome": 290.1,
        "interestExpense": 39.121,
        "interestIncomeExpense": -35.3,
        "minorityInterest": -2.8,
        "netIncome": 109.8,
        "netIncomeAfterTaxes": 113.2,
        "nonRecurringItems": 6.8,
        "period": "2022-03-31",
        "pretaxIncome": 111.8,
        "provisionforIncomeTaxes": -1.4,
        "revenue": 476.1,
        "sgaExpense": 16.3,
        "totalOperatingExpense": 150,
        "totalOtherIncomeExpenseNet": 0.1
      },
      {
        "costOfGoodsSold": 182.3,
        "depreciationAmortization": 135.5,
        "dilutedAverageSharesOutstanding": 115.5,
        "dilutedEPS": 1.6,
        "ebit": 131.7,
        "equityEarningsAffiliates": 0.3,
        "gainLossOnDispositionOfAssets": 86.5,
        "grossIncome": 281.3,
        "interestExpense": 39.108,
        "interestIncomeExpense": -28.5,
        "minorityInterest": -5.3,
        "netIncome": 184.5,
        "netIncomeAfterTaxes": 190.6,
        "nonRecurringItems": 1.5,
        "period": "2021-12-31",
        "pretaxIncome": 198.4,
        "provisionforIncomeTaxes": 7.8,
        "revenue": 463.6,
        "sgaExpense": 14.1,
        "totalOperatingExpense": 149.6,
        "totalOtherIncomeExpenseNet": 7.2
      },
      {
        "costOfGoodsSold": 186.7,
        "depreciationAmortization": 134.6,
        "dilutedAverageSharesOutstanding": 115.2,
        "dilutedEPS": 0.73,
        "ebit": 118.6,
        "equityEarningsAffiliates": 0.3,
        "gainLossOnDispositionOfAssets": -0.1,
        "grossIncome": 265.9,
        "interestExpense": 39.234,
        "interestIncomeExpense": -17.8,
        "minorityInterest": -2.6,
        "netIncome": 83.5,
        "netIncomeAfterTaxes": 86.8,
        "nonRecurringItems": -13.4,
        "period": "2021-09-30",
        "pretaxIncome": 89.6,
        "provisionforIncomeTaxes": 2.8,
        "revenue": 452.6,
        "sgaExpense": 12.7,
        "totalOperatingExpense": 147.2,
        "totalOtherIncomeExpenseNet": 2.3
      },
      {
        "costOfGoodsSold": 182.5,
        "depreciationAmortization": 131.8,
        "dilutedAverageSharesOutstanding": 116.6,
        "dilutedEPS": 1.84,
        "ebit": 109.5,
        "equityEarningsAffiliates": 0.3,
        "gainLossOnDispositionOfAssets": 134.9,
        "grossIncome": 254.4,
        "interestExpense": 38.867,
        "interestIncomeExpense": -20.7,
        "minorityInterest": -7.4,
        "netIncome": 215.3,
        "netIncomeAfterTaxes": 223.6,
        "nonRecurringItems": 0.5,
        "period": "2021-06-30",
        "pretaxIncome": 225.6,
        "provisionforIncomeTaxes": 2,
        "revenue": 436.9,
        "sgaExpense": 13.1,
        "totalOperatingExpense": 145,
        "totalOtherIncomeExpenseNet": 1.5
      },
      {
        "costOfGoodsSold": 175.4,
        "depreciationAmortization": 131.5,
        "dilutedAverageSharesOutstanding": 114.8,
        "dilutedEPS": 0.4,
        "ebit": 105.1,
        "equityEarningsAffiliates": 0.3,
        "gainLossOnDispositionOfAssets": 0,
        "grossIncome": 249.6,
        "interestExpense": 39.672,
        "interestIncomeExpense": -53.5,
        "minorityInterest": -1.7,
        "netIncome": 46.2,
        "netIncomeAfterTaxes": 48.5,
        "nonRecurringItems": -2.7,
        "period": "2021-03-31",
        "pretaxIncome": 49.5,
        "provisionforIncomeTaxes": 1,
        "revenue": 425,
        "sgaExpense": 13,
        "totalOperatingExpense": 144.5,
        "totalOtherIncomeExpenseNet": 0.6
      },
      {
        "costOfGoodsSold": 173.3,
        "depreciationAmortization": 129.6,
        "dilutedAverageSharesOutstanding": 114.5,
        "dilutedEPS": 0.72,
        "ebit": 109.2,
        "equityEarningsAffiliates": 0.3,
        "gainLossOnDispositionOfAssets": 0,
        "grossIncome": 250.4,
        "interestExpense": 40.952,
        "interestIncomeExpense": -23.1,
        "minorityInterest": -3,
        "netIncome": 82.3,
        "netIncomeAfterTaxes": 86,
        "nonRecurringItems": 0.2,
        "period": "2020-12-31",
        "pretaxIncome": 86.7,
        "provisionforIncomeTaxes": 0.8,
        "revenue": 423.7,
        "sgaExpense": 11.7,
        "totalOperatingExpense": 141.2,
        "totalOtherIncomeExpenseNet": 0.4
      },
      {
        "costOfGoodsSold": 182.5,
        "depreciationAmortization": 127.7,
        "dilutedAverageSharesOutstanding": 114.5,
        "dilutedEPS": 0.52,
        "ebit": 101.6,
        "equityEarningsAffiliates": 0.4,
        "gainLossOnDispositionOfAssets": 1.4,
        "grossIncome": 240.7,
        "interestExpense": 41.01,
        "interestIncomeExpense": -39.8,
        "minorityInterest": -2.1,
        "netIncome": 58.9,
        "netIncomeAfterTaxes": 61.6,
        "nonRecurringItems": -1.2,
        "period": "2020-09-30",
        "pretaxIncome": 62.3,
        "provisionforIncomeTaxes": 0.7,
        "revenue": 423.2,
        "sgaExpense": 11.4,
        "totalOperatingExpense": 139.1,
        "totalOtherIncomeExpenseNet": 0.2
      },
      {
        "costOfGoodsSold": 169.2,
        "depreciationAmortization": 127.2,
        "dilutedAverageSharesOutstanding": 114.4,
        "dilutedEPS": 0.65,
        "ebit": 106.1,
        "equityEarningsAffiliates": 0.3,
        "gainLossOnDispositionOfAssets": 0,
        "grossIncome": 243.8,
        "interestExpense": 42.118,
        "interestIncomeExpense": -26.2,
        "minorityInterest": -2.7,
        "netIncome": 74,
        "netIncomeAfterTaxes": 77.4,
        "nonRecurringItems": -2.3,
        "period": "2020-06-30",
        "pretaxIncome": 78.6,
        "provisionforIncomeTaxes": 1.2,
        "revenue": 413,
        "sgaExpense": 10.6,
        "totalOperatingExpense": 137.7,
        "totalOtherIncomeExpenseNet": 0.9
      },
      {
        "costOfGoodsSold": 167.8,
        "depreciationAmortization": 126.4,
        "dilutedAverageSharesOutstanding": 114.5,
        "dilutedEPS": 0.31,
        "ebit": 110.6,
        "equityEarningsAffiliates": 0.4,
        "gainLossOnDispositionOfAssets": -0.4,
        "grossIncome": 250.3,
        "interestExpense": 43.482,
        "interestIncomeExpense": -71.2,
        "minorityInterest": -1.3,
        "netIncome": 35.7,
        "netIncomeAfterTaxes": 37.5,
        "nonRecurringItems": -1.1,
        "period": "2020-03-31",
        "pretaxIncome": 38.2,
        "provisionforIncomeTaxes": 0.7,
        "revenue": 418.1,
        "sgaExpense": 13.3,
        "totalOperatingExpense": 139.6,
        "totalOtherIncomeExpenseNet": 0.3
      },
      {
        "costOfGoodsSold": 163.6,
        "depreciationAmortization": 125.4,
        "dilutedAverageSharesOutstanding": 130.7,
        "dilutedEPS": 1.14,
        "ebit": 116.9,
        "equityEarningsAffiliates": 0.4,
        "gainLossOnDispositionOfAssets": 82.8,
        "grossIncome": 253.2,
        "interestExpense": 43.698,
        "interestIncomeExpense": -45.4,
        "minorityInterest": -5.5,
        "netIncome": 148.5,
        "netIncomeAfterTaxes": 154.6,
        "nonRecurringItems": 0,
        "period": "2019-12-31",
        "pretaxIncome": 155.5,
        "provisionforIncomeTaxes": 0.9,
        "revenue": 416.8,
        "sgaExpense": 10.9,
        "totalOperatingExpense": 136.3,
        "totalOtherIncomeExpenseNet": 1.2
      },
      {
        "costOfGoodsSold": 173.4,
        "depreciationAmortization": 124.7,
        "dilutedAverageSharesOutstanding": 114.1,
        "dilutedEPS": 0.68,
        "ebit": 106,
        "equityEarningsAffiliates": 0.4,
        "gainLossOnDispositionOfAssets": 1,
        "grossIncome": 242.2,
        "interestExpense": 44.513,
        "interestIncomeExpense": -29,
        "minorityInterest": -2.8,
        "netIncome": 77.6,
        "netIncomeAfterTaxes": 81.1,
        "nonRecurringItems": 0,
        "period": "2019-09-30",
        "pretaxIncome": 82.6,
        "provisionforIncomeTaxes": 1.5,
        "revenue": 415.6,
        "sgaExpense": 11.5,
        "totalOperatingExpense": 136.2,
        "totalOtherIncomeExpenseNet": 4.5
      },
      {
        "costOfGoodsSold": 167.6,
        "depreciationAmortization": 123.9,
        "dilutedAverageSharesOutstanding": 114.1,
        "dilutedEPS": 0.53,
        "ebit": 105.3,
        "equityEarningsAffiliates": 0.4,
        "gainLossOnDispositionOfAssets": 0.3,
        "grossIncome": 239.8,
        "interestExpense": 45.936,
        "interestIncomeExpense": -41.3,
        "minorityInterest": -2.2,
        "netIncome": 60.9,
        "netIncomeAfterTaxes": 63.7,
        "nonRecurringItems": 0,
        "period": "2019-06-30",
        "pretaxIncome": 64.4,
        "provisionforIncomeTaxes": 0.7,
        "revenue": 407.4,
        "sgaExpense": 10.6,
        "totalOperatingExpense": 134.5,
        "totalOtherIncomeExpenseNet": 0.2
      },
      {
        "costOfGoodsSold": 163.2,
        "depreciationAmortization": 122.8,
        "dilutedAverageSharesOutstanding": 113.9,
        "dilutedEPS": 0.55,
        "ebit": 102,
        "equityEarningsAffiliates": 0.4,
        "gainLossOnDispositionOfAssets": 9,
        "grossIncome": 238,
        "interestExpense": 45.7,
        "interestIncomeExpense": -46.2,
        "minorityInterest": -2.3,
        "netIncome": 62.7,
        "netIncomeAfterTaxes": 65.6,
        "nonRecurringItems": 0,
        "period": "2019-03-31",
        "pretaxIncome": 66.2,
        "provisionforIncomeTaxes": 0.6,
        "revenue": 401.2,
        "sgaExpense": 13.2,
        "totalOperatingExpense": 136,
        "totalOtherIncomeExpenseNet": 1.5
      },
      {
        "costOfGoodsSold": 158.8,
        "depreciationAmortization": 121.5,
        "dilutedAverageSharesOutstanding": 113.9,
        "dilutedEPS": 0.53,
        "ebit": 108.8,
        "equityEarningsAffiliates": 0.6,
        "gainLossOnDispositionOfAssets": 0.6,
        "grossIncome": 239.4,
        "interestExpense": 44.454,
        "interestIncomeExpense": -46.7,
        "minorityInterest": -2.2,
        "netIncome": 60.3,
        "netIncomeAfterTaxes": 62.9,
        "nonRecurringItems": -0.6,
        "period": "2018-12-31",
        "pretaxIncome": 63.7,
        "provisionforIncomeTaxes": 0.8,
        "revenue": 398.1,
        "sgaExpense": 9.1,
        "totalOperatingExpense": 130.6,
        "totalOtherIncomeExpenseNet": 1.7
      },
      {
        "costOfGoodsSold": 166,
        "depreciationAmortization": 124.5,
        "dilutedAverageSharesOutstanding": 113.9,
        "dilutedEPS": 0.46,
        "ebit": 100.2,
        "equityEarningsAffiliates": 0.4,
        "gainLossOnDispositionOfAssets": 0.9,
        "grossIncome": 231.1,
        "interestExpense": 44.65,
        "interestIncomeExpense": -45.1,
        "minorityInterest": -1.9,
        "netIncome": 51.8,
        "netIncomeAfterTaxes": 54.3,
        "nonRecurringItems": -1.9,
        "period": "2018-09-30",
        "pretaxIncome": 54.9,
        "provisionforIncomeTaxes": 0.6,
        "revenue": 397.1,
        "sgaExpense": 6.4,
        "totalOperatingExpense": 131,
        "totalOtherIncomeExpenseNet": 0.8
      },
      {
        "costOfGoodsSold": 160.1,
        "depreciationAmortization": 122.9,
        "dilutedAverageSharesOutstanding": 113.9,
        "dilutedEPS": 0.52,
        "ebit": 97.8,
        "equityEarningsAffiliates": 0.4,
        "gainLossOnDispositionOfAssets": 2.8,
        "grossIncome": 229.9,
        "interestExpense": 43.585,
        "interestIncomeExpense": -40.8,
        "minorityInterest": -2.2,
        "netIncome": 58.8,
        "netIncomeAfterTaxes": 61.6,
        "nonRecurringItems": -2.8,
        "period": "2018-06-30",
        "pretaxIncome": 62.2,
        "provisionforIncomeTaxes": 0.6,
        "revenue": 390.1,
        "sgaExpense": 9.2,
        "totalOperatingExpense": 132.2,
        "totalOtherIncomeExpenseNet": 5.2
      },
      {
        "costOfGoodsSold": 157.3,
        "depreciationAmortization": 120.7,
        "dilutedAverageSharesOutstanding": 113.8,
        "dilutedEPS": 0.42,
        "ebit": 97.9,
        "equityEarningsAffiliates": 0.5,
        "gainLossOnDispositionOfAssets": 0.2,
        "grossIncome": 228.7,
        "interestExpense": 40.905,
        "interestIncomeExpense": -43.5,
        "minorityInterest": -1.8,
        "netIncome": 48,
        "netIncomeAfterTaxes": 50.3,
        "nonRecurringItems": -3.8,
        "period": "2018-03-31",
        "pretaxIncome": 51,
        "provisionforIncomeTaxes": 0.6,
        "revenue": 386,
        "sgaExpense": 10.1,
        "totalOperatingExpense": 130.9,
        "totalOtherIncomeExpenseNet": 0.3
      },
      {
        "costOfGoodsSold": 151.9,
        "depreciationAmortization": 119.4,
        "dilutedAverageSharesOutstanding": 113.8,
        "dilutedEPS": 1.08,
        "ebit": 102,
        "equityEarningsAffiliates": 0.3,
        "gainLossOnDispositionOfAssets": 68.3,
        "grossIncome": 230.8,
        "interestExpense": 39.746,
        "interestIncomeExpense": -39.7,
        "minorityInterest": -4.6,
        "netIncome": 122.3,
        "netIncomeAfterTaxes": 127.7,
        "nonRecurringItems": -5.5,
        "period": "2017-12-31",
        "pretaxIncome": 128.4,
        "provisionforIncomeTaxes": 0.7,
        "revenue": 382.7,
        "sgaExpense": 9.5,
        "totalOperatingExpense": 128.9,
        "totalOtherIncomeExpenseNet": 3.3
      },
      {
        "costOfGoodsSold": 123.8,
        "depreciationAmortization": 117.9,
        "dilutedAverageSharesOutstanding": 113.7,
        "dilutedEPS": 1,
        "ebit": 98.8,
        "equityEarningsAffiliates": 0.3,
        "gainLossOnDispositionOfAssets": 58.8,
        "grossIncome": 260.7,
        "interestExpense": 39.94,
        "interestIncomeExpense": -35.6,
        "minorityInterest": -4.2,
        "netIncome": 113.6,
        "netIncomeAfterTaxes": 118.6,
        "nonRecurringItems": -3.3,
        "period": "2017-09-30",
        "pretaxIncome": 119.3,
        "provisionforIncomeTaxes": 0.6,
        "revenue": 384.6,
        "sgaExpense": 44,
        "totalOperatingExpense": 162,
        "totalOtherIncomeExpenseNet": 0.6
      },
      {
        "costOfGoodsSold": 122.1,
        "depreciationAmortization": 126.4,
        "dilutedAverageSharesOutstanding": 110.7,
        "dilutedEPS": 0.43,
        "ebit": 90.2,
        "equityEarningsAffiliates": 0.3,
        "gainLossOnDispositionOfAssets": 0.3,
        "grossIncome": 260.7,
        "interestExpense": 38.481,
        "interestIncomeExpense": -37.8,
        "minorityInterest": -1.8,
        "netIncome": 47.3,
        "netIncomeAfterTaxes": 49.8,
        "nonRecurringItems": -2,
        "period": "2017-06-30",
        "pretaxIncome": 50.4,
        "provisionforIncomeTaxes": 0.6,
        "revenue": 382.8,
        "sgaExpense": 44.2,
        "totalOperatingExpense": 170.5,
        "totalOtherIncomeExpenseNet": -0.2
      },
      {
        "costOfGoodsSold": 118.9,
        "depreciationAmortization": 130,
        "dilutedAverageSharesOutstanding": 117.9,
        "dilutedEPS": 0.35,
        "ebit": 83.8,
        "equityEarningsAffiliates": 0.4,
        "gainLossOnDispositionOfAssets": -0.1,
        "grossIncome": 260,
        "interestExpense": 36.584,
        "interestIncomeExpense": -33.9,
        "minorityInterest": -1.5,
        "netIncome": 40.9,
        "netIncomeAfterTaxes": 43.1,
        "nonRecurringItems": -6,
        "period": "2017-03-31",
        "pretaxIncome": 43.7,
        "provisionforIncomeTaxes": 0.7,
        "revenue": 378.9,
        "sgaExpense": 46.2,
        "totalOperatingExpense": 176.2,
        "totalOtherIncomeExpenseNet": -0.1
      },
      {
        "costOfGoodsSold": 93.3,
        "depreciationAmortization": 95.1,
        "dilutedAverageSharesOutstanding": 88.4,
        "dilutedEPS": 0.44,
        "ebit": 81.6,
        "equityEarningsAffiliates": 0.2,
        "gainLossOnDispositionOfAssets": 31.8,
        "grossIncome": 213.9,
        "interestExpense": 33.529,
        "interestIncomeExpense": -33,
        "minorityInterest": -2.7,
        "netIncome": 39,
        "netIncomeAfterTaxes": 41.8,
        "nonRecurringItems": -37.8,
        "period": "2016-12-31",
        "pretaxIncome": 42.3,
        "provisionforIncomeTaxes": 0.5,
        "revenue": 307.2,
        "sgaExpense": 37.2,
        "totalOperatingExpense": 132.3,
        "totalOtherIncomeExpenseNet": -0.3
      },
      {
        "costOfGoodsSold": 87.3,
        "depreciationAmortization": 77,
        "dilutedAverageSharesOutstanding": 75.3,
        "dilutedEPS": 1.12,
        "ebit": 78.7,
        "equityEarningsAffiliates": 0,
        "gainLossOnDispositionOfAssets": 47.7,
        "grossIncome": 189.6,
        "interestExpense": 32.168,
        "interestIncomeExpense": -32.1,
        "minorityInterest": -4.6,
        "netIncome": 84,
        "netIncomeAfterTaxes": 88.9,
        "nonRecurringItems": -4.9,
        "period": "2016-09-30",
        "pretaxIncome": 89.4,
        "provisionforIncomeTaxes": 0.5,
        "revenue": 276.9,
        "sgaExpense": 33.9,
        "totalOperatingExpense": 110.9,
        "totalOtherIncomeExpenseNet": -0.1
      },
      {
        "costOfGoodsSold": 85.4,
        "depreciationAmortization": 75.7,
        "dilutedAverageSharesOutstanding": 80.3,
        "dilutedEPS": 0.56,
        "ebit": 78.2,
        "equityEarningsAffiliates": -0.1,
        "gainLossOnDispositionOfAssets": 0.6,
        "grossIncome": 186.8,
        "interestExpense": 32.039,
        "interestIncomeExpense": -32,
        "minorityInterest": -2.5,
        "netIncome": 45,
        "netIncomeAfterTaxes": 47.7,
        "nonRecurringItems": -0.4,
        "period": "2016-06-30",
        "pretaxIncome": 48.2,
        "provisionforIncomeTaxes": 0.5,
        "revenue": 272.2,
        "sgaExpense": 32.9,
        "totalOperatingExpense": 108.6,
        "totalOtherIncomeExpenseNet": 1.8
      },
      {
        "costOfGoodsSold": 84.7,
        "depreciationAmortization": 75.1,
        "dilutedAverageSharesOutstanding": 75.5,
        "dilutedEPS": 0.58,
        "ebit": 77.4,
        "equityEarningsAffiliates": 0.1,
        "gainLossOnDispositionOfAssets": 2.4,
        "grossIncome": 184.3,
        "interestExpense": 32.211,
        "interestIncomeExpense": -32.2,
        "minorityInterest": -2.4,
        "netIncome": 43.3,
        "netIncomeAfterTaxes": 45.7,
        "nonRecurringItems": -0.7,
        "period": "2016-03-31",
        "pretaxIncome": 46,
        "provisionforIncomeTaxes": 0.3,
        "revenue": 269,
        "sgaExpense": 31.8,
        "totalOperatingExpense": 106.9,
        "totalOtherIncomeExpenseNet": -0.9
      },
      {
        "costOfGoodsSold": 80.5,
        "depreciationAmortization": 73.9,
        "dilutedAverageSharesOutstanding": 75.2,
        "dilutedEPS": 0.57,
        "ebit": 77.3,
        "equityEarningsAffiliates": 0,
        "gainLossOnDispositionOfAssets": -0.1,
        "grossIncome": 182.9,
        "interestExpense": 30.833,
        "interestIncomeExpense": -30.8,
        "minorityInterest": -2.4,
        "netIncome": 42.9,
        "netIncomeAfterTaxes": 45.4,
        "nonRecurringItems": -0.8,
        "period": "2015-12-31",
        "pretaxIncome": 45.6,
        "provisionforIncomeTaxes": 0.3,
        "revenue": 263.3,
        "sgaExpense": 31.6,
        "totalOperatingExpense": 105.5,
        "totalOtherIncomeExpenseNet": 0
      },
      {
        "costOfGoodsSold": 82.7,
        "depreciationAmortization": 73.1,
        "dilutedAverageSharesOutstanding": 75.2,
        "dilutedEPS": 1.22,
        "ebit": 73.8,
        "equityEarningsAffiliates": 0,
        "gainLossOnDispositionOfAssets": 54.6,
        "grossIncome": 179.3,
        "interestExpense": 30.229,
        "interestIncomeExpense": -30.4,
        "minorityInterest": -5.1,
        "netIncome": 91.5,
        "netIncomeAfterTaxes": 96.8,
        "nonRecurringItems": -0.7,
        "period": "2015-09-30",
        "pretaxIncome": 97.3,
        "provisionforIncomeTaxes": 0.5,
        "revenue": 262,
        "sgaExpense": 32.4,
        "totalOperatingExpense": 105.5,
        "totalOtherIncomeExpenseNet": 0
      }
    ],
    "symbol": "MAA"
  }
}