{
  "symbol": "HD",
  "statement": "ic",
  "frequency": "quarterly",
  "timestamp": "2025-09-19T14:01:34.466345",
  "data": {
    "financials": [
      {
        "costOfGoodsSold": 30152,
        "depreciationAmortization": 806,
        "dilutedAverageSharesOutstanding": 994,
        "dilutedEPS": 4.5785,
        "ebit": 6555,
        "grossIncome": 15125,
        "interestExpense": 575,
        "interestIncomeExpense": -550,
        "netIncome": 4551,
        "netIncomeAfterTaxes": 4551,
        "period": "2025-08-03",
        "pretaxIncome": 6005,
        "provisionforIncomeTaxes": 1454,
        "revenue": 45277,
        "sgaExpense": 7764,
        "totalOperatingExpense": 8570
      },
      {
        "costOfGoodsSold": 26397,
        "depreciationAmortization": 796,
        "dilutedAverageSharesOutstanding": 994,
        "dilutedEPS": 3.4537,
        "ebit": 5133,
        "grossIncome": 13459,
        "interestExpense": 615,
        "interestIncomeExpense": -591,
        "netIncome": 3433,
        "netIncomeAfterTaxes": 3433,
        "period": "2025-05-04",
        "pretaxIncome": 4542,
        "provisionforIncomeTaxes": 1109,
        "revenue": 39856,
        "sgaExpense": 7530,
        "totalOperatingExpense": 8326
      },
      {
        "costOfGoodsSold": 26670,
        "depreciationAmortization": 814,
        "dilutedAverageSharesOutstanding": 994,
        "dilutedEPS": 3.02,
        "ebit": 4495,
        "grossIncome": 13034,
        "interestExpense": 638,
        "interestIncomeExpense": -608,
        "netIncome": 2997,
        "netIncomeAfterTaxes": 2997,
        "period": "2025-02-02",
        "pretaxIncome": 3887,
        "provisionforIncomeTaxes": 890,
        "revenue": 39704,
        "sgaExpense": 7725,
        "totalOperatingExpense": 8539
      },
      {
        "costOfGoodsSold": 26792,
        "depreciationAmortization": 795,
        "dilutedAverageSharesOutstanding": 993,
        "dilutedEPS": 3.67,
        "ebit": 5418,
        "grossIncome": 13425,
        "interestExpense": 625,
        "interestIncomeExpense": -595,
        "netIncome": 3648,
        "netIncomeAfterTaxes": 3648,
        "period": "2024-10-27",
        "pretaxIncome": 4823,
        "provisionforIncomeTaxes": 1175,
        "revenue": 40217,
        "sgaExpense": 7212,
        "totalOperatingExpense": 8007
      },
      {
        "costOfGoodsSold": 28759,
        "depreciationAmortization": 738,
        "dilutedAverageSharesOutstanding": 992,
        "dilutedEPS": 4.6,
        "ebit": 6534,
        "grossIncome": 14416,
        "interestExpense": 573,
        "interestIncomeExpense": -489,
        "netIncome": 4561,
        "netIncomeAfterTaxes": 4561,
        "period": "2024-07-28",
        "pretaxIncome": 6045,
        "provisionforIncomeTaxes": 1484,
        "revenue": 43175,
        "sgaExpense": 7144,
        "totalOperatingExpense": 7882
      },
      {
        "costOfGoodsSold": 23985,
        "depreciationAmortization": 687,
        "dilutedAverageSharesOutstanding": 992,
        "dilutedEPS": 3.63,
        "ebit": 5079,
        "grossIncome": 12433,
        "interestExpense": 485,
        "interestIncomeExpense": -428,
        "netIncome": 3600,
        "netIncomeAfterTaxes": 3600,
        "period": "2024-04-28",
        "pretaxIncome": 4651,
        "provisionforIncomeTaxes": 1051,
        "revenue": 36418,
        "sgaExpense": 6667,
        "totalOperatingExpense": 7354
      },
      {
        "costOfGoodsSold": 23278,
        "depreciationAmortization": 686,
        "dilutedAverageSharesOutstanding": 993,
        "dilutedEPS": 2.82,
        "ebit": 4143,
        "grossIncome": 11508,
        "interestExpense": 513,
        "interestIncomeExpense": -458,
        "netIncome": 2801,
        "netIncomeAfterTaxes": 2801,
        "period": "2024-01-28",
        "pretaxIncome": 3685,
        "provisionforIncomeTaxes": 884,
        "revenue": 34786,
        "sgaExpense": 6679,
        "totalOperatingExpense": 7365
      },
      {
        "costOfGoodsSold": 24972,
        "depreciationAmortization": 683,
        "dilutedAverageSharesOutstanding": 999,
        "dilutedEPS": 3.81,
        "ebit": 5406,
        "grossIncome": 12738,
        "interestExpense": 487,
        "interestIncomeExpense": -438,
        "netIncome": 3810,
        "netIncomeAfterTaxes": 3810,
        "period": "2023-10-29",
        "pretaxIncome": 4968,
        "provisionforIncomeTaxes": 1158,
        "revenue": 37710,
        "sgaExpense": 6649,
        "totalOperatingExpense": 7332
      },
      {
        "costOfGoodsSold": 28759,
        "depreciationAmortization": 653,
        "dilutedAverageSharesOutstanding": 1003,
        "dilutedEPS": 4.65,
        "ebit": 6589,
        "grossIncome": 14157,
        "interestExpense": 469,
        "interestIncomeExpense": -428,
        "netIncome": 4659,
        "netIncomeAfterTaxes": 4659,
        "period": "2023-07-30",
        "pretaxIncome": 6161,
        "provisionforIncomeTaxes": 1502,
        "revenue": 42916,
        "sgaExpense": 6915,
        "totalOperatingExpense": 7568
      },
      {
        "costOfGoodsSold": 24700,
        "depreciationAmortization": 651,
        "dilutedAverageSharesOutstanding": 1013,
        "dilutedEPS": 3.82,
        "ebit": 5551,
        "grossIncome": 12557,
        "interestExpense": 474,
        "interestIncomeExpense": -441,
        "netIncome": 3873,
        "netIncomeAfterTaxes": 3873,
        "period": "2023-04-30",
        "pretaxIncome": 5110,
        "provisionforIncomeTaxes": 1237,
        "revenue": 37257,
        "sgaExpense": 6355,
        "totalOperatingExpense": 7006
      },
      {
        "costOfGoodsSold": 23905,
        "depreciationAmortization": 625,
        "dilutedAverageSharesOutstanding": 1016,
        "dilutedEPS": 3.31,
        "ebit": 4752,
        "grossIncome": 11926,
        "interestExpense": 451,
        "interestIncomeExpense": -408,
        "netIncome": 3362,
        "netIncomeAfterTaxes": 3362,
        "period": "2023-01-29",
        "pretaxIncome": 4344,
        "provisionforIncomeTaxes": 982,
        "revenue": 35831,
        "sgaExpense": 6549,
        "totalOperatingExpense": 7174
      },
      {
        "costOfGoodsSold": 25648,
        "depreciationAmortization": 608,
        "dilutedAverageSharesOutstanding": 1023,
        "dilutedEPS": 4.24,
        "ebit": 6148,
        "grossIncome": 13224,
        "interestExpense": 413,
        "interestIncomeExpense": -406,
        "netIncome": 4339,
        "netIncomeAfterTaxes": 4339,
        "period": "2022-10-30",
        "pretaxIncome": 5742,
        "provisionforIncomeTaxes": 1403,
        "revenue": 38872,
        "sgaExpense": 6468,
        "totalOperatingExpense": 7076
      },
      {
        "costOfGoodsSold": 29309,
        "depreciationAmortization": 616,
        "dilutedAverageSharesOutstanding": 1025,
        "dilutedEPS": 5.05,
        "ebit": 7210,
        "grossIncome": 14483,
        "interestExpense": 381,
        "interestIncomeExpense": -379,
        "netIncome": 5173,
        "netIncomeAfterTaxes": 5173,
        "period": "2022-07-31",
        "pretaxIncome": 6831,
        "provisionforIncomeTaxes": 1658,
        "revenue": 43792,
        "sgaExpense": 6657,
        "totalOperatingExpense": 7273
      },
      {
        "costOfGoodsSold": 25763,
        "depreciationAmortization": 606,
        "dilutedAverageSharesOutstanding": 1034,
        "dilutedEPS": 4.09,
        "ebit": 5929,
        "grossIncome": 13145,
        "interestExpense": 372,
        "interestIncomeExpense": -369,
        "netIncome": 4231,
        "netIncomeAfterTaxes": 4231,
        "period": "2022-05-01",
        "pretaxIncome": 5560,
        "provisionforIncomeTaxes": 1329,
        "revenue": 38908,
        "sgaExpense": 6610,
        "totalOperatingExpense": 7216
      },
      {
        "costOfGoodsSold": 23857,
        "depreciationAmortization": 606,
        "dilutedAverageSharesOutstanding": 1043,
        "dilutedEPS": 3.21,
        "ebit": 4950,
        "grossIncome": 11862,
        "interestExpense": 341,
        "interestIncomeExpense": -323,
        "netIncome": 3352,
        "netIncomeAfterTaxes": 3352,
        "nonRecurringItems": -125,
        "period": "2022-01-30",
        "pretaxIncome": 4502,
        "provisionforIncomeTaxes": 1150,
        "revenue": 35719,
        "sgaExpense": 6306,
        "totalOperatingExpense": 6912
      },
      {
        "costOfGoodsSold": 24257,
        "depreciationAmortization": 600,
        "dilutedAverageSharesOutstanding": 1053,
        "dilutedEPS": 3.92,
        "ebit": 5830,
        "grossIncome": 12563,
        "interestExpense": 341,
        "interestIncomeExpense": -326,
        "netIncome": 4129,
        "netIncomeAfterTaxes": 4129,
        "nonRecurringItems": -35,
        "period": "2021-10-31",
        "pretaxIncome": 5469,
        "provisionforIncomeTaxes": 1340,
        "revenue": 36820,
        "sgaExpense": 6133,
        "totalOperatingExpense": 6733
      },
      {
        "costOfGoodsSold": 27453,
        "depreciationAmortization": 593,
        "dilutedAverageSharesOutstanding": 1062,
        "dilutedEPS": 4.53,
        "ebit": 6663,
        "grossIncome": 13665,
        "interestExpense": 326,
        "interestIncomeExpense": -321,
        "netIncome": 4807,
        "netIncomeAfterTaxes": 4807,
        "nonRecurringItems": -24,
        "period": "2021-08-01",
        "pretaxIncome": 6318,
        "provisionforIncomeTaxes": 1511,
        "revenue": 41118,
        "sgaExpense": 6409,
        "totalOperatingExpense": 7002
      },
      {
        "costOfGoodsSold": 24758,
        "depreciationAmortization": 587,
        "dilutedAverageSharesOutstanding": 1075,
        "dilutedEPS": 3.86,
        "ebit": 5859,
        "grossIncome": 12742,
        "interestExpense": 339,
        "interestIncomeExpense": -333,
        "netIncome": 4145,
        "netIncomeAfterTaxes": 4145,
        "nonRecurringItems": -78,
        "period": "2021-05-02",
        "pretaxIncome": 5448,
        "provisionforIncomeTaxes": 1303,
        "revenue": 37500,
        "sgaExpense": 6296,
        "totalOperatingExpense": 6883
      },
      {
        "costOfGoodsSold": 21430,
        "depreciationAmortization": 561,
        "dilutedAverageSharesOutstanding": 1078,
        "dilutedEPS": 2.65,
        "ebit": 4383,
        "grossIncome": 10831,
        "interestExpense": 337,
        "interestIncomeExpense": -327,
        "netIncome": 2857,
        "netIncomeAfterTaxes": 2857,
        "nonRecurringItems": -300,
        "period": "2021-01-31",
        "pretaxIncome": 3756,
        "provisionforIncomeTaxes": 899,
        "revenue": 32261,
        "sgaExpense": 5887,
        "totalOperatingExpense": 6448
      },
      {
        "costOfGoodsSold": 22080,
        "depreciationAmortization": 528,
        "dilutedAverageSharesOutstanding": 1078,
        "dilutedEPS": 3.18,
        "ebit": 5206,
        "grossIncome": 11456,
        "interestExpense": 340,
        "interestIncomeExpense": -329,
        "netIncome": 3432,
        "netIncomeAfterTaxes": 3432,
        "nonRecurringItems": -354,
        "period": "2020-11-01",
        "pretaxIncome": 4523,
        "provisionforIncomeTaxes": 1091,
        "revenue": 33536,
        "sgaExpense": 5722,
        "totalOperatingExpense": 6250
      },
      {
        "costOfGoodsSold": 25112,
        "depreciationAmortization": 519,
        "dilutedAverageSharesOutstanding": 1077,
        "dilutedEPS": 4.02,
        "ebit": 6546,
        "grossIncome": 12941,
        "interestExpense": 346,
        "interestIncomeExpense": -337,
        "netIncome": 4332,
        "netIncomeAfterTaxes": 4332,
        "nonRecurringItems": -479,
        "period": "2020-08-02",
        "pretaxIncome": 5730,
        "provisionforIncomeTaxes": 1398,
        "revenue": 38053,
        "sgaExpense": 5876,
        "totalOperatingExpense": 6395
      },
      {
        "costOfGoodsSold": 18635,
        "depreciationAmortization": 520,
        "dilutedAverageSharesOutstanding": 1077,
        "dilutedEPS": 2.08,
        "ebit": 4124,
        "grossIncome": 9625,
        "interestExpense": 324,
        "interestIncomeExpense": -307,
        "netIncome": 2245,
        "netIncomeAfterTaxes": 2245,
        "nonRecurringItems": -848,
        "period": "2020-05-03",
        "pretaxIncome": 2969,
        "provisionforIncomeTaxes": 724,
        "revenue": 28260,
        "sgaExpense": 4981,
        "totalOperatingExpense": 5501
      },
      {
        "costOfGoodsSold": 17046,
        "depreciationAmortization": 519,
        "dilutedAverageSharesOutstanding": 1088,
        "dilutedEPS": 2.28,
        "ebit": 3403,
        "grossIncome": 8736,
        "interestExpense": 309,
        "interestIncomeExpense": -292,
        "netIncome": 2481,
        "netIncomeAfterTaxes": 2481,
        "nonRecurringItems": 0,
        "period": "2020-02-02",
        "pretaxIncome": 3111,
        "provisionforIncomeTaxes": 630,
        "revenue": 25782,
        "sgaExpense": 4814,
        "totalOperatingExpense": 5333
      },
      {
        "costOfGoodsSold": 17836,
        "depreciationAmortization": 498,
        "dilutedAverageSharesOutstanding": 1094,
        "dilutedEPS": 2.53,
        "ebit": 3947,
        "grossIncome": 9387,
        "interestExpense": 302,
        "interestIncomeExpense": -280,
        "netIncome": 2769,
        "netIncomeAfterTaxes": 2769,
        "period": "2019-11-03",
        "pretaxIncome": 3667,
        "provisionforIncomeTaxes": 898,
        "revenue": 27223,
        "sgaExpense": 4942,
        "totalOperatingExpense": 5440
      },
      {
        "costOfGoodsSold": 20407,
        "depreciationAmortization": 492,
        "dilutedAverageSharesOutstanding": 1099,
        "dilutedEPS": 3.17,
        "ebit": 4896,
        "grossIncome": 10432,
        "interestExpense": 302,
        "interestIncomeExpense": -283,
        "netIncome": 3479,
        "netIncomeAfterTaxes": 3479,
        "period": "2019-08-04",
        "pretaxIncome": 4613,
        "provisionforIncomeTaxes": 1134,
        "revenue": 30839,
        "sgaExpense": 5044,
        "totalOperatingExpense": 5536
      },
      {
        "costOfGoodsSold": 17364,
        "depreciationAmortization": 480,
        "dilutedAverageSharesOutstanding": 1106,
        "dilutedEPS": 2.27,
        "ebit": 3597,
        "grossIncome": 9017,
        "interestExpense": 288,
        "interestIncomeExpense": -273,
        "netIncome": 2513,
        "netIncomeAfterTaxes": 2513,
        "period": "2019-05-05",
        "pretaxIncome": 3324,
        "provisionforIncomeTaxes": 811,
        "revenue": 26381,
        "sgaExpense": 4940,
        "totalOperatingExpense": 5420
      },
      {
        "costOfGoodsSold": 17464,
        "depreciationAmortization": 480,
        "dilutedAverageSharesOutstanding": 1122,
        "dilutedEPS": 2.08,
        "ebit": 3625,
        "grossIncome": 9027,
        "interestExpense": 269,
        "interestIncomeExpense": -249,
        "netIncome": 2344,
        "netIncomeAfterTaxes": 2374,
        "nonRecurringItems": -247,
        "period": "2019-02-03",
        "pretaxIncome": 3113,
        "provisionforIncomeTaxes": 739,
        "revenue": 26491,
        "sgaExpense": 4922,
        "totalOperatingExpense": 5402,
        "totalOtherIncomeExpenseNet": -16
      },
      {
        "costOfGoodsSold": 17151,
        "depreciationAmortization": 473,
        "dilutedAverageSharesOutstanding": 1141,
        "dilutedEPS": 2.51,
        "ebit": 3870,
        "grossIncome": 9151,
        "interestExpense": 249,
        "interestIncomeExpense": -224,
        "netIncome": 2867,
        "netIncomeAfterTaxes": 2752,
        "period": "2018-10-28",
        "pretaxIncome": 3646,
        "provisionforIncomeTaxes": 894,
        "revenue": 26302,
        "sgaExpense": 4808,
        "totalOperatingExpense": 5281
      },
      {
        "costOfGoodsSold": 20098,
        "depreciationAmortization": 460,
        "dilutedAverageSharesOutstanding": 1149,
        "dilutedEPS": 3.05,
        "ebit": 4901,
        "grossIncome": 10365,
        "interestExpense": 272,
        "interestIncomeExpense": -246,
        "netIncome": 3506,
        "netIncomeAfterTaxes": 3506,
        "period": "2018-07-29",
        "pretaxIncome": 4655,
        "provisionforIncomeTaxes": 1149,
        "revenue": 30463,
        "sgaExpense": 5004,
        "totalOperatingExpense": 5464
      },
      {
        "costOfGoodsSold": 16330,
        "depreciationAmortization": 457,
        "dilutedAverageSharesOutstanding": 1158,
        "dilutedEPS": 2.08,
        "ebit": 3381,
        "grossIncome": 8617,
        "interestExpense": 261,
        "interestIncomeExpense": -239,
        "netIncome": 2404,
        "netIncomeAfterTaxes": 2404,
        "period": "2018-04-29",
        "pretaxIncome": 3142,
        "provisionforIncomeTaxes": 738,
        "revenue": 24947,
        "sgaExpense": 4779,
        "totalOperatingExpense": 5236
      },
      {
        "costOfGoodsSold": 15790,
        "depreciationAmortization": 464,
        "dilutedAverageSharesOutstanding": 1166,
        "dilutedEPS": 1.52,
        "ebit": 3189,
        "grossIncome": 8093,
        "interestExpense": 269,
        "interestIncomeExpense": -246,
        "netIncome": 1779,
        "netIncomeAfterTaxes": 1906,
        "period": "2018-01-28",
        "pretaxIncome": 2943,
        "provisionforIncomeTaxes": 1037,
        "revenue": 23883,
        "sgaExpense": 4440,
        "totalOperatingExpense": 4904
      },
      {
        "costOfGoodsSold": 16378,
        "depreciationAmortization": 454,
        "dilutedAverageSharesOutstanding": 1174,
        "dilutedEPS": 1.84,
        "ebit": 3680,
        "grossIncome": 8648,
        "interestExpense": 269,
        "interestIncomeExpense": -247,
        "netIncome": 2165,
        "netIncomeAfterTaxes": 2165,
        "period": "2017-10-29",
        "pretaxIncome": 3433,
        "provisionforIncomeTaxes": 1268,
        "revenue": 25026,
        "sgaExpense": 4514,
        "totalOperatingExpense": 4968
      },
      {
        "costOfGoodsSold": 18647,
        "depreciationAmortization": 449,
        "dilutedAverageSharesOutstanding": 1189,
        "dilutedEPS": 2.25,
        "ebit": 4463,
        "grossIncome": 9461,
        "interestExpense": 265,
        "interestIncomeExpense": -249,
        "netIncome": 2672,
        "netIncomeAfterTaxes": 2672,
        "period": "2017-07-30",
        "pretaxIncome": 4214,
        "provisionforIncomeTaxes": 1542,
        "revenue": 28108,
        "sgaExpense": 4549,
        "totalOperatingExpense": 4998
      },
      {
        "costOfGoodsSold": 15733,
        "depreciationAmortization": 444,
        "dilutedAverageSharesOutstanding": 1204,
        "dilutedEPS": 1.67,
        "ebit": 3349,
        "grossIncome": 8154,
        "interestExpense": 254,
        "interestIncomeExpense": -241,
        "netIncome": 2014,
        "netIncomeAfterTaxes": 2014,
        "period": "2017-04-30",
        "pretaxIncome": 3108,
        "provisionforIncomeTaxes": 1094,
        "revenue": 23887,
        "sgaExpense": 4361,
        "totalOperatingExpense": 4805
      },
      {
        "costOfGoodsSold": 14654,
        "depreciationAmortization": 443,
        "dilutedAverageSharesOutstanding": 1210,
        "dilutedEPS": 1.44,
        "ebit": 2927,
        "grossIncome": 7553,
        "interestExpense": 246,
        "interestIncomeExpense": -235,
        "netIncome": 1744,
        "netIncomeAfterTaxes": 1744,
        "period": "2017-01-29",
        "pretaxIncome": 2692,
        "provisionforIncomeTaxes": 948,
        "revenue": 22207,
        "sgaExpense": 4183,
        "totalOperatingExpense": 4626
      },
      {
        "costOfGoodsSold": 15112,
        "depreciationAmortization": 442,
        "dilutedAverageSharesOutstanding": 1229,
        "dilutedEPS": 1.6,
        "ebit": 3320,
        "grossIncome": 8042,
        "interestExpense": 246,
        "interestIncomeExpense": -236,
        "netIncome": 1969,
        "netIncomeAfterTaxes": 1969,
        "period": "2016-10-30",
        "pretaxIncome": 3084,
        "provisionforIncomeTaxes": 1115,
        "revenue": 23154,
        "sgaExpense": 4280,
        "totalOperatingExpense": 4722
      },
      {
        "costOfGoodsSold": 17545,
        "depreciationAmortization": 436,
        "dilutedAverageSharesOutstanding": 1240,
        "dilutedEPS": 1.97,
        "ebit": 4103,
        "grossIncome": 8927,
        "interestExpense": 236,
        "interestIncomeExpense": -228,
        "netIncome": 2441,
        "netIncomeAfterTaxes": 2441,
        "period": "2016-07-31",
        "pretaxIncome": 3875,
        "provisionforIncomeTaxes": 1434,
        "revenue": 26472,
        "sgaExpense": 4388,
        "totalOperatingExpense": 4824
      },
      {
        "costOfGoodsSold": 14971,
        "depreciationAmortization": 433,
        "dilutedAverageSharesOutstanding": 1252,
        "dilutedEPS": 1.44,
        "ebit": 3077,
        "grossIncome": 7791,
        "interestExpense": 244,
        "interestIncomeExpense": -237,
        "netIncome": 1803,
        "netIncomeAfterTaxes": 1803,
        "period": "2016-05-01",
        "pretaxIncome": 2840,
        "provisionforIncomeTaxes": 1037,
        "revenue": 22762,
        "sgaExpense": 4281,
        "totalOperatingExpense": 4714
      },
      {
        "costOfGoodsSold": 13824,
        "depreciationAmortization": 429,
        "dilutedAverageSharesOutstanding": 1262,
        "dilutedEPS": 1.17,
        "ebit": 2549,
        "grossIncome": 7156,
        "interestExpense": 242,
        "interestIncomeExpense": -236,
        "netIncome": 1471,
        "netIncomeAfterTaxes": 1471,
        "period": "2016-01-31",
        "pretaxIncome": 2313,
        "provisionforIncomeTaxes": 842,
        "revenue": 20980,
        "sgaExpense": 4178,
        "totalOperatingExpense": 4607
      },
      {
        "costOfGoodsSold": 14254,
        "depreciationAmortization": 423,
        "dilutedAverageSharesOutstanding": 1274,
        "dilutedEPS": 1.35,
        "ebit": 2981,
        "grossIncome": 7565,
        "interestExpense": 247,
        "interestIncomeExpense": -240,
        "netIncome": 1725,
        "netIncomeAfterTaxes": 1725,
        "period": "2015-11-01",
        "pretaxIncome": 2741,
        "provisionforIncomeTaxes": 1016,
        "revenue": 21819,
        "sgaExpense": 4161,
        "totalOperatingExpense": 4584
      }
    ],
    "symbol": "HD"
  }
}