{
  "symbol": "HAS",
  "statement": "ic",
  "frequency": "quarterly",
  "timestamp": "2025-09-19T14:01:20.967436",
  "data": {
    "financials": [
      {
        "costOfGoodsSold": 309.8,
        "depreciationAmortization": 17.2,
        "dilutedAverageSharesOutstanding": 140.3,
        "dilutedEPS": -6.0998,
        "ebit": 230.5,
        "grossIncome": 671,
        "interestExpense": 40.6,
        "interestIncomeExpense": -35.2,
        "minorityInterest": -1.1,
        "netIncome": -855.8,
        "netIncomeAfterTaxes": -854.7,
        "nonRecurringItems": -1028.5,
        "otherOperatingExpensesTotal": 6.2,
        "period": "2025-06-29",
        "pretaxIncome": -814.7,
        "provisionforIncomeTaxes": 40,
        "researchDevelopment": 77.5,
        "revenue": 980.8,
        "sgaExpense": 339.6,
        "totalOperatingExpense": 440.5,
        "totalOtherIncomeExpenseNet": 18.5
      },
      {
        "costOfGoodsSold": 261.5,
        "depreciationAmortization": 17,
        "dilutedAverageSharesOutstanding": 141,
        "dilutedEPS": 0.6993,
        "ebit": 197.5,
        "grossIncome": 625.6,
        "interestExpense": 41.6,
        "interestIncomeExpense": -32.7,
        "minorityInterest": -0.9,
        "netIncome": 98.6,
        "netIncomeAfterTaxes": 99.5,
        "nonRecurringItems": -25.6,
        "otherOperatingExpensesTotal": 7.4,
        "period": "2025-03-30",
        "pretaxIncome": 136.6,
        "provisionforIncomeTaxes": 37.1,
        "researchDevelopment": 80.5,
        "revenue": 887.1,
        "sgaExpense": 323.2,
        "totalOperatingExpense": 428.1,
        "totalOtherIncomeExpenseNet": -2.6
      },
      {
        "costOfGoodsSold": 438.7,
        "depreciationAmortization": 17.1,
        "dilutedAverageSharesOutstanding": 139.7,
        "dilutedEPS": -0.2455,
        "ebit": 111.6,
        "grossIncome": 662.9,
        "interestExpense": 43.5,
        "interestIncomeExpense": -22.8,
        "minorityInterest": -7.8,
        "netIncome": -34.3,
        "netIncomeAfterTaxes": -26.5,
        "nonRecurringItems": -130,
        "otherOperatingExpensesTotal": 24.8,
        "period": "2024-12-29",
        "pretaxIncome": -57.2,
        "provisionforIncomeTaxes": -30.7,
        "researchDevelopment": 81.9,
        "revenue": 1101.6,
        "sgaExpense": 427.5,
        "totalOperatingExpense": 551.3,
        "totalOtherIncomeExpenseNet": -16
      },
      {
        "costOfGoodsSold": 476.9,
        "depreciationAmortization": 17.1,
        "dilutedAverageSharesOutstanding": 140.5,
        "dilutedEPS": 1.5886,
        "ebit": 308.3,
        "grossIncome": 804.4,
        "interestExpense": 46.2,
        "interestIncomeExpense": -31.5,
        "minorityInterest": -0.1,
        "netIncome": 223.2,
        "netIncomeAfterTaxes": 223.3,
        "nonRecurringItems": -6.4,
        "otherOperatingExpensesTotal": 7.9,
        "period": "2024-09-29",
        "pretaxIncome": 290.3,
        "provisionforIncomeTaxes": 67,
        "researchDevelopment": 76.3,
        "revenue": 1281.3,
        "sgaExpense": 394.8,
        "totalOperatingExpense": 496.1,
        "totalOtherIncomeExpenseNet": 19.9
      },
      {
        "costOfGoodsSold": 293,
        "depreciationAmortization": 17.1,
        "dilutedAverageSharesOutstanding": 140,
        "dilutedEPS": 0.9893,
        "ebit": 236.4,
        "grossIncome": 702.3,
        "interestExpense": 43,
        "interestIncomeExpense": -30,
        "minorityInterest": 0,
        "netIncome": 138.5,
        "netIncomeAfterTaxes": 138.5,
        "nonRecurringItems": -24.3,
        "otherOperatingExpensesTotal": 8.5,
        "period": "2024-06-30",
        "pretaxIncome": 182.9,
        "provisionforIncomeTaxes": 44.4,
        "researchDevelopment": 70.4,
        "revenue": 995.3,
        "sgaExpense": 369.9,
        "totalOperatingExpense": 465.9,
        "totalOtherIncomeExpenseNet": 0.8
      },
      {
        "costOfGoodsSold": 255.1,
        "depreciationAmortization": 17,
        "dilutedAverageSharesOutstanding": 139.3,
        "dilutedEPS": 0.4178,
        "ebit": 136.2,
        "grossIncome": 502.2,
        "interestExpense": 38.5,
        "interestIncomeExpense": -30.2,
        "minorityInterest": -0.9,
        "netIncome": 58.2,
        "netIncomeAfterTaxes": 59.1,
        "nonRecurringItems": -20,
        "otherOperatingExpensesTotal": 8.1,
        "period": "2024-03-31",
        "pretaxIncome": 81,
        "provisionforIncomeTaxes": 21.9,
        "researchDevelopment": 65.5,
        "revenue": 757.3,
        "sgaExpense": 275.4,
        "totalOperatingExpense": 366,
        "totalOtherIncomeExpenseNet": -5
      },
      {
        "costOfGoodsSold": 706.5,
        "depreciationAmortization": 17.9,
        "dilutedAverageSharesOutstanding": 139.1,
        "dilutedEPS": -7.6283,
        "ebit": -36,
        "grossIncome": 582.4,
        "interestExpense": 46.3,
        "interestIncomeExpense": -41.3,
        "minorityInterest": -0.3,
        "netIncome": -1061.1,
        "netIncomeAfterTaxes": -1060.8,
        "nonRecurringItems": -1166.6,
        "otherOperatingExpensesTotal": 123.6,
        "period": "2023-12-31",
        "pretaxIncome": -1245.2,
        "provisionforIncomeTaxes": -184.4,
        "researchDevelopment": 74.5,
        "revenue": 1288.9,
        "sgaExpense": 402.4,
        "totalOperatingExpense": 618.4,
        "totalOtherIncomeExpenseNet": -1.3
      },
      {
        "costOfGoodsSold": 601.4,
        "depreciationAmortization": 19.2,
        "dilutedAverageSharesOutstanding": 138.8,
        "dilutedEPS": -1.23,
        "ebit": 303.5,
        "grossIncome": 902,
        "interestExpense": 47.1,
        "interestIncomeExpense": -43.3,
        "minorityInterest": -0.7,
        "netIncome": -171.1,
        "netIncomeAfterTaxes": -170.4,
        "nonRecurringItems": -473,
        "otherOperatingExpensesTotal": 68.4,
        "period": "2023-10-01",
        "pretaxIncome": -215,
        "provisionforIncomeTaxes": -44.6,
        "researchDevelopment": 76.7,
        "revenue": 1503.4,
        "sgaExpense": 434.2,
        "totalOperatingExpense": 598.5,
        "totalOtherIncomeExpenseNet": -2.2
      },
      {
        "costOfGoodsSold": 472.1,
        "depreciationAmortization": 22.8,
        "dilutedAverageSharesOutstanding": 138.8,
        "dilutedEPS": -1.69,
        "ebit": 42.6,
        "grossIncome": 737.9,
        "interestExpense": 46.6,
        "interestIncomeExpense": -40.8,
        "minorityInterest": -0.1,
        "netIncome": -235,
        "netIncomeAfterTaxes": -234.9,
        "nonRecurringItems": -231.2,
        "otherOperatingExpensesTotal": 134.4,
        "period": "2023-07-02",
        "pretaxIncome": -227.9,
        "provisionforIncomeTaxes": 7,
        "researchDevelopment": 72.4,
        "revenue": 1210,
        "sgaExpense": 465.7,
        "totalOperatingExpense": 695.3,
        "totalOtherIncomeExpenseNet": 1.5
      },
      {
        "costOfGoodsSold": 354.3,
        "depreciationAmortization": 23.1,
        "dilutedAverageSharesOutstanding": 138.6,
        "dilutedEPS": -0.16,
        "ebit": 113.7,
        "grossIncome": 646.7,
        "interestExpense": 46.3,
        "interestIncomeExpense": -40.3,
        "minorityInterest": -0.4,
        "netIncome": -22.1,
        "netIncomeAfterTaxes": -21.7,
        "nonRecurringItems": -95.8,
        "otherOperatingExpensesTotal": 122.5,
        "period": "2023-04-02",
        "pretaxIncome": -21,
        "provisionforIncomeTaxes": 0.7,
        "researchDevelopment": 83.3,
        "revenue": 1001,
        "sgaExpense": 304.1,
        "totalOperatingExpense": 533,
        "totalOtherIncomeExpenseNet": 1.4
      },
      {
        "costOfGoodsSold": 723.4,
        "depreciationAmortization": 24.1,
        "dilutedAverageSharesOutstanding": 138.1,
        "dilutedEPS": -0.93,
        "ebit": 253.5,
        "grossIncome": 955.1,
        "interestExpense": 45.8,
        "interestIncomeExpense": -42,
        "minorityInterest": -0.3,
        "netIncome": -128.9,
        "netIncomeAfterTaxes": -128.6,
        "nonRecurringItems": -379.2,
        "otherOperatingExpensesTotal": 189.1,
        "period": "2022-12-25",
        "pretaxIncome": -164.2,
        "provisionforIncomeTaxes": -35.6,
        "researchDevelopment": 76.7,
        "revenue": 1678.5,
        "sgaExpense": 411.7,
        "totalOperatingExpense": 701.6,
        "totalOtherIncomeExpenseNet": 3.5
      },
      {
        "costOfGoodsSold": 721.7,
        "depreciationAmortization": 26.9,
        "dilutedAverageSharesOutstanding": 138.5,
        "dilutedEPS": 0.93,
        "ebit": 252.9,
        "grossIncome": 954.2,
        "interestExpense": 41.9,
        "interestIncomeExpense": -38.7,
        "minorityInterest": 1,
        "netIncome": 129.2,
        "netIncomeAfterTaxes": 128.2,
        "nonRecurringItems": -58.6,
        "otherOperatingExpensesTotal": 142.8,
        "period": "2022-09-25",
        "pretaxIncome": 165.6,
        "provisionforIncomeTaxes": 37.4,
        "researchDevelopment": 82.4,
        "revenue": 1675.9,
        "sgaExpense": 449.2,
        "totalOperatingExpense": 701.3,
        "totalOtherIncomeExpenseNet": 10
      },
      {
        "costOfGoodsSold": 521.6,
        "depreciationAmortization": 27.2,
        "dilutedAverageSharesOutstanding": 139.2,
        "dilutedEPS": 1.02,
        "ebit": 222.3,
        "grossIncome": 817.6,
        "interestExpense": 41.7,
        "interestIncomeExpense": -39,
        "minorityInterest": 1.5,
        "netIncome": 142,
        "netIncomeAfterTaxes": 140.5,
        "nonRecurringItems": -3.2,
        "otherOperatingExpensesTotal": 80.7,
        "period": "2022-06-26",
        "pretaxIncome": 179.9,
        "provisionforIncomeTaxes": 39.4,
        "researchDevelopment": 79.2,
        "revenue": 1339.2,
        "sgaExpense": 408.2,
        "totalOperatingExpense": 595.3,
        "totalOtherIncomeExpenseNet": -0.2
      },
      {
        "costOfGoodsSold": 423.2,
        "depreciationAmortization": 27.1,
        "dilutedAverageSharesOutstanding": 139.6,
        "dilutedEPS": 0.44,
        "ebit": 122.3,
        "grossIncome": 739.9,
        "interestExpense": 41.6,
        "interestIncomeExpense": -39.5,
        "minorityInterest": -1.7,
        "netIncome": 61.2,
        "netIncomeAfterTaxes": 62.9,
        "nonRecurringItems": -2.3,
        "otherOperatingExpensesTotal": 138.5,
        "period": "2022-03-27",
        "pretaxIncome": 80.2,
        "provisionforIncomeTaxes": 17.3,
        "researchDevelopment": 69.6,
        "revenue": 1163.1,
        "sgaExpense": 382.4,
        "totalOperatingExpense": 617.6,
        "totalOtherIncomeExpenseNet": -0.3
      },
      {
        "costOfGoodsSold": 911.3,
        "depreciationAmortization": 26.5,
        "dilutedAverageSharesOutstanding": 138.7,
        "dilutedEPS": 0.59,
        "ebit": 180.4,
        "grossIncome": 1102.1,
        "interestExpense": 42.4,
        "interestIncomeExpense": -41.2,
        "minorityInterest": -2.6,
        "netIncome": 82.2,
        "netIncomeAfterTaxes": 84.8,
        "nonRecurringItems": -8.9,
        "otherOperatingExpensesTotal": 232.5,
        "period": "2021-12-26",
        "pretaxIncome": 87.9,
        "provisionforIncomeTaxes": 3.1,
        "researchDevelopment": 86.6,
        "revenue": 2013.4,
        "sgaExpense": 576.1,
        "totalOperatingExpense": 921.7,
        "totalOtherIncomeExpenseNet": -42.4
      },
      {
        "costOfGoodsSold": 781.3,
        "depreciationAmortization": 27.7,
        "dilutedAverageSharesOutstanding": 138.5,
        "dilutedEPS": 1.83,
        "ebit": 369.9,
        "grossIncome": 1188.7,
        "interestExpense": 43.3,
        "interestIncomeExpense": -41.5,
        "minorityInterest": -1.7,
        "netIncome": 253.2,
        "netIncomeAfterTaxes": 254.9,
        "nonRecurringItems": -2,
        "otherOperatingExpensesTotal": 187.9,
        "period": "2021-09-26",
        "pretaxIncome": 323.4,
        "provisionforIncomeTaxes": 68.5,
        "researchDevelopment": 80.1,
        "revenue": 1970,
        "sgaExpense": 523.1,
        "totalOperatingExpense": 818.8,
        "totalOtherIncomeExpenseNet": -3
      },
      {
        "costOfGoodsSold": 456.5,
        "depreciationAmortization": 29.7,
        "dilutedAverageSharesOutstanding": 137.8,
        "dilutedEPS": -0.16,
        "ebit": 189.8,
        "grossIncome": 865.7,
        "interestExpense": 46.1,
        "interestIncomeExpense": -44.9,
        "minorityInterest": -1,
        "netIncome": -22.9,
        "netIncomeAfterTaxes": 17.5,
        "nonRecurringItems": -113.2,
        "otherOperatingExpensesTotal": 110.7,
        "period": "2021-06-27",
        "pretaxIncome": 41.1,
        "provisionforIncomeTaxes": 23.6,
        "researchDevelopment": 87.2,
        "revenue": 1322.2,
        "sgaExpense": 448.3,
        "totalOperatingExpense": 675.9,
        "totalOtherIncomeExpenseNet": 9.4
      },
      {
        "costOfGoodsSold": 398.8,
        "depreciationAmortization": 32.9,
        "dilutedAverageSharesOutstanding": 138.1,
        "dilutedEPS": 0.84,
        "ebit": 149.2,
        "grossIncome": 716,
        "interestExpense": 47.9,
        "interestIncomeExpense": -46.7,
        "minorityInterest": -1.3,
        "netIncome": 116.2,
        "netIncomeAfterTaxes": 117.5,
        "nonRecurringItems": -1.9,
        "otherOperatingExpensesTotal": 97.5,
        "period": "2021-03-28",
        "pretaxIncome": 129.5,
        "provisionforIncomeTaxes": 12,
        "researchDevelopment": 61.8,
        "revenue": 1114.8,
        "sgaExpense": 374.6,
        "totalOperatingExpense": 566.8,
        "totalOtherIncomeExpenseNet": 28.9
      },
      {
        "costOfGoodsSold": 775.7,
        "depreciationAmortization": 37.1,
        "dilutedAverageSharesOutstanding": 138,
        "dilutedEPS": 0.76,
        "ebit": 239,
        "grossIncome": 947.2,
        "interestExpense": 47.428,
        "interestIncomeExpense": -46.4,
        "minorityInterest": -1,
        "netIncome": 105.2,
        "netIncomeAfterTaxes": 106.2,
        "nonRecurringItems": -52.6,
        "otherOperatingExpensesTotal": 118.8,
        "period": "2020-12-27",
        "pretaxIncome": 138.5,
        "provisionforIncomeTaxes": 32.3,
        "researchDevelopment": 84.7,
        "revenue": 1723,
        "sgaExpense": 467.8,
        "totalOperatingExpense": 708.3,
        "totalOtherIncomeExpenseNet": -1.5
      },
      {
        "costOfGoodsSold": 787,
        "depreciationAmortization": 36.2,
        "dilutedAverageSharesOutstanding": 137.5,
        "dilutedEPS": 1.61,
        "ebit": 342.5,
        "grossIncome": 989.6,
        "interestExpense": 49.4,
        "interestIncomeExpense": -54.5,
        "minorityInterest": 0.9,
        "netIncome": 220.9,
        "netIncomeAfterTaxes": 220,
        "nonRecurringItems": -5.9,
        "otherOperatingExpensesTotal": 85.4,
        "period": "2020-09-27",
        "pretaxIncome": 299.2,
        "provisionforIncomeTaxes": 79.2,
        "researchDevelopment": 62.7,
        "revenue": 1776.6,
        "sgaExpense": 462.8,
        "totalOperatingExpense": 647.2,
        "totalOtherIncomeExpenseNet": 17.2
      },
      {
        "costOfGoodsSold": 350.6,
        "depreciationAmortization": 34.7,
        "dilutedAverageSharesOutstanding": 137.2,
        "dilutedEPS": -0.25,
        "ebit": 12.5,
        "grossIncome": 509.7,
        "interestExpense": 49.577,
        "interestIncomeExpense": -65.1,
        "minorityInterest": -1,
        "netIncome": -33.9,
        "netIncomeAfterTaxes": -32.9,
        "nonRecurringItems": -10.3,
        "otherOperatingExpensesTotal": 50.7,
        "period": "2020-06-28",
        "pretaxIncome": -43.7,
        "provisionforIncomeTaxes": -10.8,
        "researchDevelopment": 58.3,
        "revenue": 860.3,
        "sgaExpense": 353.6,
        "totalOperatingExpense": 497.2,
        "totalOtherIncomeExpenseNet": 19.1
      },
      {
        "costOfGoodsSold": 375.5,
        "depreciationAmortization": 36.8,
        "dilutedAverageSharesOutstanding": 137.1,
        "dilutedEPS": -0.51,
        "ebit": 126.5,
        "grossIncome": 730.1,
        "interestExpense": 54.725,
        "interestIncomeExpense": -48,
        "minorityInterest": -1.8,
        "netIncome": -69.6,
        "netIncomeAfterTaxes": -67.8,
        "nonRecurringItems": -149.8,
        "otherOperatingExpensesTotal": 132.1,
        "period": "2020-03-29",
        "pretaxIncome": -71.9,
        "provisionforIncomeTaxes": -4.1,
        "researchDevelopment": 53.8,
        "revenue": 1105.6,
        "sgaExpense": 380.8,
        "totalOperatingExpense": 603.6,
        "totalOtherIncomeExpenseNet": -0.6
      },
      {
        "costOfGoodsSold": 732.6,
        "depreciationAmortization": 11.8,
        "dilutedAverageSharesOutstanding": 133.1,
        "dilutedEPS": 2.01,
        "ebit": 190.4,
        "grossIncome": 695.4,
        "interestExpense": 34.782,
        "interestIncomeExpense": -23.8,
        "netIncome": 267.3,
        "netIncomeAfterTaxes": 267.3,
        "otherOperatingExpensesTotal": 27.5,
        "period": "2019-12-29",
        "pretaxIncome": 298.8,
        "provisionforIncomeTaxes": 31.4,
        "researchDevelopment": 72.9,
        "revenue": 1428,
        "sgaExpense": 392.8,
        "totalOperatingExpense": 505,
        "totalOtherIncomeExpenseNet": 132.2
      },
      {
        "costOfGoodsSold": 755.1,
        "depreciationAmortization": 11.8,
        "dilutedAverageSharesOutstanding": 127.2,
        "dilutedEPS": 1.67,
        "ebit": 297.2,
        "grossIncome": 820,
        "interestExpense": 22.764,
        "interestIncomeExpense": -42.2,
        "netIncome": 212.9,
        "netIncomeAfterTaxes": 212.9,
        "nonRecurringItems": 0,
        "otherOperatingExpensesTotal": 28,
        "period": "2019-09-29",
        "pretaxIncome": 259.7,
        "provisionforIncomeTaxes": 46.8,
        "researchDevelopment": 67.4,
        "revenue": 1575.2,
        "sgaExpense": 415.6,
        "totalOperatingExpense": 522.9,
        "totalOtherIncomeExpenseNet": 4.7
      },
      {
        "costOfGoodsSold": 414.8,
        "depreciationAmortization": 11.8,
        "dilutedAverageSharesOutstanding": 126.3,
        "dilutedEPS": 0.11,
        "ebit": 128.3,
        "grossIncome": 569.8,
        "interestExpense": 22.018,
        "interestIncomeExpense": -15.8,
        "netIncome": 13.4,
        "netIncomeAfterTaxes": 13.4,
        "nonRecurringItems": -110.8,
        "otherOperatingExpensesTotal": 23.5,
        "period": "2019-06-30",
        "pretaxIncome": 6.1,
        "provisionforIncomeTaxes": -7.3,
        "researchDevelopment": 65.6,
        "revenue": 984.5,
        "sgaExpense": 340.5,
        "totalOperatingExpense": 441.4,
        "totalOtherIncomeExpenseNet": 4.4
      },
      {
        "costOfGoodsSold": 319.9,
        "depreciationAmortization": 11.8,
        "dilutedAverageSharesOutstanding": 126.8,
        "dilutedEPS": 0.21,
        "ebit": 36.1,
        "grossIncome": 412.6,
        "interestExpense": 22.314,
        "interestIncomeExpense": -14.1,
        "netIncome": 26.7,
        "netIncomeAfterTaxes": 26.7,
        "otherOperatingExpensesTotal": 6.6,
        "period": "2019-03-31",
        "pretaxIncome": 29.6,
        "provisionforIncomeTaxes": 2.9,
        "researchDevelopment": 56.3,
        "revenue": 732.5,
        "sgaExpense": 301.9,
        "totalOperatingExpense": 376.5,
        "totalOtherIncomeExpenseNet": 7.6
      },
      {
        "costOfGoodsSold": 712.3,
        "depreciationAmortization": 8.8,
        "dilutedAverageSharesOutstanding": 127.2,
        "dilutedEPS": 0.06,
        "ebit": 10.5,
        "grossIncome": 676.9,
        "interestExpense": 22.435,
        "interestIncomeExpense": -17.3,
        "minorityInterest": 0,
        "netIncome": 8.8,
        "netIncomeAfterTaxes": 18.9,
        "otherOperatingExpensesTotal": 10.5,
        "period": "2018-12-30",
        "pretaxIncome": -5.1,
        "provisionforIncomeTaxes": -24,
        "researchDevelopment": 63.1,
        "revenue": 1389.2,
        "sgaExpense": 583.9,
        "totalOperatingExpense": 666.3,
        "totalOtherIncomeExpenseNet": 1.6
      },
      {
        "costOfGoodsSold": 760.9,
        "depreciationAmortization": 8.8,
        "dilutedAverageSharesOutstanding": 127.9,
        "dilutedEPS": 2.06,
        "ebit": 313.3,
        "grossIncome": 808.8,
        "interestExpense": 22.779,
        "interestIncomeExpense": -18.1,
        "netIncome": 263.9,
        "netIncomeAfterTaxes": 246.6,
        "otherOperatingExpensesTotal": 14.1,
        "period": "2018-09-30",
        "pretaxIncome": 295.8,
        "provisionforIncomeTaxes": 49.2,
        "researchDevelopment": 65.8,
        "revenue": 1569.7,
        "sgaExpense": 406.8,
        "totalOperatingExpense": 495.5,
        "totalOtherIncomeExpenseNet": 0.6
      },
      {
        "costOfGoodsSold": 404.4,
        "depreciationAmortization": 4.6,
        "dilutedAverageSharesOutstanding": 126.3,
        "dilutedEPS": 0.48,
        "ebit": 87.6,
        "grossIncome": 500.1,
        "interestExpense": 22.803,
        "interestIncomeExpense": -16.5,
        "netIncome": 60.3,
        "netIncomeAfterTaxes": 60.3,
        "otherOperatingExpensesTotal": 7.3,
        "period": "2018-07-01",
        "pretaxIncome": 68.1,
        "provisionforIncomeTaxes": 7.8,
        "researchDevelopment": 59.9,
        "revenue": 904.5,
        "sgaExpense": 340.8,
        "totalOperatingExpense": 412.5,
        "totalOtherIncomeExpenseNet": -3
      },
      {
        "costOfGoodsSold": 324.8,
        "depreciationAmortization": 6.5,
        "dilutedAverageSharesOutstanding": 125.1,
        "dilutedEPS": -0.89,
        "ebit": -80.4,
        "grossIncome": 391.5,
        "interestExpense": 22.809,
        "interestIncomeExpense": -16.6,
        "netIncome": -112.5,
        "netIncomeAfterTaxes": -64.7,
        "otherOperatingExpensesTotal": 12,
        "period": "2018-04-01",
        "pretaxIncome": -88.4,
        "provisionforIncomeTaxes": -23.7,
        "researchDevelopment": 57.4,
        "revenue": 716.3,
        "sgaExpense": 396,
        "totalOperatingExpense": 472,
        "totalOtherIncomeExpenseNet": 8.6
      },
      {
        "costOfGoodsSold": 751.5,
        "depreciationAmortization": 6.6,
        "dilutedAverageSharesOutstanding": 124.5,
        "dilutedEPS": -0.04,
        "ebit": 271.1,
        "grossIncome": 844.7,
        "interestExpense": 24.516,
        "interestIncomeExpense": -18.4,
        "minorityInterest": 0,
        "netIncome": -5.3,
        "netIncomeAfterTaxes": 311.1,
        "otherOperatingExpensesTotal": 19.6,
        "period": "2017-12-31",
        "pretaxIncome": 278.6,
        "provisionforIncomeTaxes": -32.5,
        "researchDevelopment": 76.3,
        "revenue": 1596.1,
        "sgaExpense": 471.1,
        "totalOperatingExpense": 573.5,
        "totalOtherIncomeExpenseNet": 25.9
      },
      {
        "costOfGoodsSold": 869.9,
        "depreciationAmortization": 6.5,
        "dilutedAverageSharesOutstanding": 127.2,
        "dilutedEPS": 2.09,
        "ebit": 360.9,
        "grossIncome": 921.6,
        "interestExpense": 25.072,
        "interestIncomeExpense": -19.7,
        "minorityInterest": 0,
        "netIncome": 265.6,
        "netIncomeAfterTaxes": 265.6,
        "otherOperatingExpensesTotal": 5.4,
        "period": "2017-10-01",
        "pretaxIncome": 349.8,
        "provisionforIncomeTaxes": 84.3,
        "researchDevelopment": 67.4,
        "revenue": 1791.5,
        "sgaExpense": 481.4,
        "totalOperatingExpense": 560.7,
        "totalOtherIncomeExpenseNet": 8.6
      },
      {
        "costOfGoodsSold": 447.4,
        "depreciationAmortization": 7.9,
        "dilutedAverageSharesOutstanding": 127.4,
        "dilutedEPS": 0.53,
        "ebit": 100,
        "grossIncome": 525.1,
        "interestExpense": 24.224,
        "interestIncomeExpense": -19.1,
        "minorityInterest": 0,
        "netIncome": 67.7,
        "netIncomeAfterTaxes": 67.7,
        "otherOperatingExpensesTotal": 5.2,
        "period": "2017-07-02",
        "pretaxIncome": 86.9,
        "provisionforIncomeTaxes": 19.2,
        "researchDevelopment": 62.8,
        "revenue": 972.5,
        "sgaExpense": 349.3,
        "totalOperatingExpense": 425.1,
        "totalOtherIncomeExpenseNet": 6
      },
      {
        "costOfGoodsSold": 370.5,
        "depreciationAmortization": 7.9,
        "dilutedAverageSharesOutstanding": 125.2,
        "dilutedEPS": 0.55,
        "ebit": 78.3,
        "grossIncome": 479.2,
        "interestExpense": 24.456,
        "interestIncomeExpense": -18.9,
        "minorityInterest": 0,
        "netIncome": 68.6,
        "netIncomeAfterTaxes": 68.6,
        "otherOperatingExpensesTotal": 5.6,
        "period": "2017-04-02",
        "pretaxIncome": 70.8,
        "provisionforIncomeTaxes": 2.2,
        "researchDevelopment": 62.6,
        "revenue": 849.7,
        "sgaExpense": 324.8,
        "totalOperatingExpense": 400.8,
        "totalOtherIncomeExpenseNet": 11.4
      },
      {
        "costOfGoodsSold": 770.4,
        "depreciationAmortization": 8.7,
        "dilutedAverageSharesOutstanding": 126.7,
        "dilutedEPS": 1.52,
        "ebit": 255.2,
        "grossIncome": 859.5,
        "interestExpense": 25.142,
        "interestIncomeExpense": -22.2,
        "minorityInterest": 12.1,
        "netIncome": 192.7,
        "netIncomeAfterTaxes": 180.6,
        "otherOperatingExpensesTotal": 18.4,
        "period": "2016-12-25",
        "pretaxIncome": 219.9,
        "provisionforIncomeTaxes": 39.3,
        "researchDevelopment": 75.5,
        "revenue": 1629.9,
        "sgaExpense": 501.8,
        "totalOperatingExpense": 604.4,
        "totalOtherIncomeExpenseNet": -13
      },
      {
        "costOfGoodsSold": 793.3,
        "depreciationAmortization": 8.7,
        "dilutedAverageSharesOutstanding": 127.2,
        "dilutedEPS": 2.03,
        "ebit": 362.1,
        "grossIncome": 886.5,
        "interestExpense": 24.305,
        "interestIncomeExpense": -22.4,
        "minorityInterest": 1.6,
        "netIncome": 257.8,
        "netIncomeAfterTaxes": 256.2,
        "otherOperatingExpensesTotal": 6.3,
        "period": "2016-09-25",
        "pretaxIncome": 346.3,
        "provisionforIncomeTaxes": 90.2,
        "researchDevelopment": 70.1,
        "revenue": 1679.8,
        "sgaExpense": 439.3,
        "totalOperatingExpense": 524.4,
        "totalOtherIncomeExpenseNet": 6.6
      },
      {
        "costOfGoodsSold": 391.1,
        "depreciationAmortization": 8.7,
        "dilutedAverageSharesOutstanding": 127,
        "dilutedEPS": 0.41,
        "ebit": 84.9,
        "grossIncome": 487.9,
        "interestExpense": 23.914,
        "interestIncomeExpense": -21.6,
        "minorityInterest": 2.7,
        "netIncome": 52.1,
        "netIncomeAfterTaxes": 49.4,
        "otherOperatingExpensesTotal": 5,
        "period": "2016-06-26",
        "pretaxIncome": 67,
        "provisionforIncomeTaxes": 17.6,
        "researchDevelopment": 63.7,
        "revenue": 878.9,
        "sgaExpense": 325.6,
        "totalOperatingExpense": 403,
        "totalOtherIncomeExpenseNet": 3.7
      },
      {
        "costOfGoodsSold": 360.2,
        "depreciationAmortization": 8.7,
        "dilutedAverageSharesOutstanding": 126.9,
        "dilutedEPS": 0.38,
        "ebit": 85.9,
        "grossIncome": 471,
        "interestExpense": 24.044,
        "interestIncomeExpense": -21.8,
        "minorityInterest": 1.8,
        "netIncome": 48.8,
        "netIncomeAfterTaxes": 47,
        "otherOperatingExpensesTotal": 6.2,
        "period": "2016-03-27",
        "pretaxIncome": 59.2,
        "provisionforIncomeTaxes": 12.2,
        "researchDevelopment": 57.2,
        "revenue": 831.2,
        "sgaExpense": 313,
        "totalOperatingExpense": 385.1,
        "totalOtherIncomeExpenseNet": -4.9
      },
      {
        "costOfGoodsSold": 703.9,
        "depreciationAmortization": 8.4,
        "dilutedAverageSharesOutstanding": 126.7,
        "dilutedEPS": 1.39,
        "ebit": 258.7,
        "grossIncome": 761.5,
        "interestExpense": 24.306,
        "interestIncomeExpense": -23.5,
        "minorityInterest": 1.4,
        "netIncome": 175.8,
        "netIncomeAfterTaxes": 174.4,
        "otherOperatingExpensesTotal": 12.6,
        "period": "2015-12-27",
        "pretaxIncome": 231.3,
        "provisionforIncomeTaxes": 56.9,
        "researchDevelopment": 68.6,
        "revenue": 1465.4,
        "sgaExpense": 413.1,
        "totalOperatingExpense": 502.8,
        "totalOtherIncomeExpenseNet": -3.9
      },
      {
        "costOfGoodsSold": 693.1,
        "depreciationAmortization": 9,
        "dilutedAverageSharesOutstanding": 126.9,
        "dilutedEPS": 1.64,
        "ebit": 303.5,
        "grossIncome": 777.9,
        "interestExpense": 24.045,
        "interestIncomeExpense": -23.4,
        "minorityInterest": 1.2,
        "netIncome": 207.6,
        "netIncomeAfterTaxes": 206.4,
        "otherOperatingExpensesTotal": 11.5,
        "period": "2015-09-27",
        "pretaxIncome": 284.6,
        "provisionforIncomeTaxes": 78.2,
        "researchDevelopment": 64.8,
        "revenue": 1471,
        "sgaExpense": 389.1,
        "totalOperatingExpense": 474.4,
        "totalOtherIncomeExpenseNet": 4.5
      }
    ],
    "symbol": "HAS"
  }
}