{
  "symbol": "FDS",
  "statement": "ic",
  "frequency": "annual",
  "timestamp": "2025-09-19T14:00:19.964297",
  "data": {
    "financials": [
      {
        "costOfGoodsSold": 1011.945,
        "dilutedAverageSharesOutstanding": 38.618,
        "dilutedEPS": 13.91,
        "ebit": 705.976,
        "grossIncome": 1191.111,
        "interestExpense": 65.778,
        "interestIncomeExpense": -51.331,
        "netIncome": 537.126,
        "netIncomeAfterTaxes": 537.126,
        "nonRecurringItems": -4.677,
        "period": "2024-08-31",
        "pretaxIncome": 651.503,
        "provisionforIncomeTaxes": 114.377,
        "revenue": 2203.056,
        "sgaExpense": 485.135,
        "totalOperatingExpense": 485.135,
        "totalOtherIncomeExpenseNet": 1.535,
        "year": 2024
      },
      {
        "costOfGoodsSold": 973.225,
        "dilutedAverageSharesOutstanding": 38.898,
        "dilutedEPS": 12.04,
        "ebit": 655.153,
        "grossIncome": 1112.283,
        "interestExpense": 66.319,
        "interestIncomeExpense": -53.51,
        "netIncome": 468.173,
        "netIncomeAfterTaxes": 468.173,
        "nonRecurringItems": -25.946,
        "period": "2023-08-31",
        "pretaxIncome": 583.954,
        "provisionforIncomeTaxes": 115.781,
        "revenue": 2085.508,
        "sgaExpense": 457.13,
        "totalOperatingExpense": 457.13,
        "totalOtherIncomeExpenseNet": 8.257,
        "year": 2023
      },
      {
        "costOfGoodsSold": 871.106,
        "dilutedAverageSharesOutstanding": 38.736,
        "dilutedEPS": 10.25,
        "ebit": 539.754,
        "grossIncome": 972.786,
        "interestIncomeExpense": -29.522,
        "netIncome": 396.917,
        "netIncomeAfterTaxes": 396.917,
        "nonRecurringItems": -64.272,
        "period": "2022-08-31",
        "pretaxIncome": 443.594,
        "provisionforIncomeTaxes": 46.677,
        "revenue": 1843.892,
        "sgaExpense": 433.032,
        "totalOperatingExpense": 433.032,
        "totalOtherIncomeExpenseNet": -2.366,
        "year": 2022
      },
      {
        "costOfGoodsSold": 786.4,
        "dilutedAverageSharesOutstanding": 38.57,
        "dilutedEPS": 10.36,
        "ebit": 474.041,
        "grossIncome": 805.045,
        "interestIncomeExpense": -6.394,
        "netIncome": 399.59,
        "netIncomeAfterTaxes": 399.59,
        "period": "2021-08-31",
        "pretaxIncome": 467.617,
        "provisionforIncomeTaxes": 68.027,
        "revenue": 1591.445,
        "sgaExpense": 331.004,
        "totalOperatingExpense": 331.004,
        "totalOtherIncomeExpenseNet": -0.03,
        "year": 2021
      },
      {
        "costOfGoodsSold": 695.446,
        "dilutedAverageSharesOutstanding": 38.646,
        "dilutedEPS": 9.65,
        "ebit": 439.66,
        "grossIncome": 798.665,
        "interestIncomeExpense": -9.829,
        "netIncome": 372.938,
        "netIncomeAfterTaxes": 372.938,
        "period": "2020-08-31",
        "pretaxIncome": 427.134,
        "provisionforIncomeTaxes": 54.196,
        "revenue": 1494.111,
        "sgaExpense": 359.005,
        "totalOperatingExpense": 359.005,
        "totalOtherIncomeExpenseNet": -2.697,
        "year": 2020
      },
      {
        "costOfGoodsSold": 663.446,
        "dilutedAverageSharesOutstanding": 38.873,
        "dilutedEPS": 9.07,
        "ebit": 438.035,
        "grossIncome": 771.905,
        "interestIncomeExpense": -16.07,
        "netIncome": 352.79,
        "netIncomeAfterTaxes": 349.39,
        "nonRecurringItems": 0,
        "period": "2019-08-31",
        "pretaxIncome": 421.965,
        "provisionforIncomeTaxes": 72.575,
        "revenue": 1435.351,
        "sgaExpense": 333.87,
        "totalOperatingExpense": 333.87,
        "year": 2019
      },
      {
        "costOfGoodsSold": 659.296,
        "dilutedAverageSharesOutstanding": 39.377,
        "dilutedEPS": 6.78,
        "ebit": 366.204,
        "grossIncome": 690.849,
        "interestIncomeExpense": -14.366,
        "netIncome": 267.085,
        "netIncomeAfterTaxes": 292.585,
        "nonRecurringItems": 0,
        "period": "2018-08-31",
        "pretaxIncome": 351.838,
        "provisionforIncomeTaxes": 59.253,
        "revenue": 1350.145,
        "sgaExpense": 324.645,
        "totalOperatingExpense": 324.645,
        "year": 2018
      },
      {
        "costOfGoodsSold": 566.58,
        "dilutedAverageSharesOutstanding": 39.642,
        "dilutedEPS": 6.51,
        "ebit": 356.035,
        "grossIncome": 654.599,
        "interestIncomeExpense": -6.6,
        "netIncome": 258.259,
        "netIncomeAfterTaxes": 258.259,
        "nonRecurringItems": -5.123,
        "period": "2017-08-31",
        "pretaxIncome": 344.312,
        "provisionforIncomeTaxes": 86.053,
        "revenue": 1221.179,
        "sgaExpense": 298.564,
        "totalOperatingExpense": 298.564,
        "year": 2017
      },
      {
        "costOfGoodsSold": 487.409,
        "dilutedAverageSharesOutstanding": 41.365,
        "dilutedEPS": 8.19,
        "ebit": 349.676,
        "grossIncome": 639.683,
        "interestIncomeExpense": -1.136,
        "netIncome": 338.815,
        "netIncomeAfterTaxes": 338.815,
        "nonRecurringItems": 112.453,
        "period": "2016-08-31",
        "pretaxIncome": 460.993,
        "provisionforIncomeTaxes": 122.178,
        "revenue": 1127.092,
        "sgaExpense": 290.007,
        "totalOperatingExpense": 290.007,
        "year": 2016
      },
      {
        "costOfGoodsSold": 405.339,
        "dilutedAverageSharesOutstanding": 42.235,
        "dilutedEPS": 5.71,
        "ebit": 331.918,
        "grossIncome": 601.429,
        "interestIncomeExpense": 1.836,
        "netIncome": 241.051,
        "netIncomeAfterTaxes": 241.051,
        "period": "2015-08-31",
        "pretaxIncome": 333.754,
        "provisionforIncomeTaxes": 92.703,
        "revenue": 1006.768,
        "sgaExpense": 269.511,
        "totalOperatingExpense": 269.511,
        "year": 2015
      }
    ],
    "symbol": "FDS"
  }
}