{
  "symbol": "CHTR",
  "statement": "ic",
  "frequency": "annual",
  "timestamp": "2025-09-19T13:57:46.086197",
  "data": {
    "financials": [
      {
        "costOfGoodsSold": 29453,
        "depreciationAmortization": 8673,
        "dilutedAverageSharesOutstanding": 145.3638,
        "dilutedEPS": 34.9675,
        "ebit": 13245,
        "grossIncome": 25632,
        "interestExpense": 5229,
        "interestIncomeExpense": -5594,
        "minorityInterest": -770,
        "netIncome": 5083,
        "netIncomeAfterTaxes": 5853,
        "nonRecurringItems": -126,
        "period": "2024-12-31",
        "pretaxIncome": 7502,
        "provisionforIncomeTaxes": 1649,
        "revenue": 55085,
        "sgaExpense": 3714,
        "totalOperatingExpense": 12387,
        "totalOtherIncomeExpenseNet": -23,
        "year": 2024
      },
      {
        "costOfGoodsSold": 29752,
        "depreciationAmortization": 8696,
        "dilutedAverageSharesOutstanding": 151.9663,
        "dilutedEPS": 29.9869,
        "ebit": 12506,
        "grossIncome": 24855,
        "interestExpense": 5188,
        "interestIncomeExpense": -5486,
        "minorityInterest": -704,
        "netIncome": 4557,
        "netIncomeAfterTaxes": 5261,
        "nonRecurringItems": 50,
        "period": "2023-12-31",
        "pretaxIncome": 6854,
        "provisionforIncomeTaxes": 1593,
        "revenue": 54607,
        "sgaExpense": 3653,
        "totalOperatingExpense": 12349,
        "totalOtherIncomeExpenseNet": -216,
        "year": 2023
      },
      {
        "costOfGoodsSold": 29537,
        "depreciationAmortization": 8903,
        "dilutedAverageSharesOutstanding": 164,
        "dilutedEPS": 30.82,
        "ebit": 12243,
        "grossIncome": 24485,
        "interestExpense": 4556,
        "interestIncomeExpense": -4751,
        "minorityInterest": -794,
        "netIncome": 5055,
        "netIncomeAfterTaxes": 5849,
        "nonRecurringItems": -284,
        "period": "2022-12-31",
        "pretaxIncome": 7462,
        "provisionforIncomeTaxes": 1613,
        "revenue": 54022,
        "sgaExpense": 3339,
        "totalOperatingExpense": 12242,
        "totalOtherIncomeExpenseNet": 254,
        "year": 2022
      },
      {
        "costOfGoodsSold": 28411,
        "depreciationAmortization": 9345,
        "dilutedAverageSharesOutstanding": 193,
        "dilutedEPS": 24.11,
        "ebit": 10855,
        "grossIncome": 23271,
        "interestExpense": 4037,
        "interestIncomeExpense": -4299,
        "minorityInterest": -666,
        "netIncome": 4654,
        "netIncomeAfterTaxes": 5320,
        "nonRecurringItems": -473,
        "period": "2021-12-31",
        "pretaxIncome": 6388,
        "provisionforIncomeTaxes": 1068,
        "revenue": 51682,
        "sgaExpense": 3071,
        "totalOperatingExpense": 12416,
        "totalOtherIncomeExpenseNet": 305,
        "year": 2021
      },
      {
        "costOfGoodsSold": 26899,
        "depreciationAmortization": 9704,
        "dilutedAverageSharesOutstanding": 209,
        "dilutedEPS": 15.4,
        "ebit": 8463,
        "grossIncome": 21198,
        "interestExpense": 3848,
        "interestIncomeExpense": -3894,
        "minorityInterest": -454,
        "netIncome": 3222,
        "netIncomeAfterTaxes": 3676,
        "nonRecurringItems": -201,
        "period": "2020-12-31",
        "pretaxIncome": 4302,
        "provisionforIncomeTaxes": 626,
        "revenue": 48097,
        "sgaExpense": 3031,
        "totalOperatingExpense": 12735,
        "totalOtherIncomeExpenseNet": -66,
        "year": 2020
      },
      {
        "costOfGoodsSold": 26180,
        "depreciationAmortization": 9926,
        "dilutedAverageSharesOutstanding": 224,
        "dilutedEPS": 7.45,
        "ebit": 6614,
        "grossIncome": 19584,
        "interestExpense": 3797,
        "interestIncomeExpense": -3988,
        "minorityInterest": -324,
        "netIncome": 1668,
        "netIncomeAfterTaxes": 1992,
        "nonRecurringItems": -128,
        "period": "2019-12-31",
        "pretaxIncome": 2431,
        "provisionforIncomeTaxes": 439,
        "revenue": 45764,
        "sgaExpense": 3044,
        "totalOperatingExpense": 12970,
        "totalOtherIncomeExpenseNet": -67,
        "year": 2019
      },
      {
        "costOfGoodsSold": 24818,
        "depreciationAmortization": 10318,
        "dilutedAverageSharesOutstanding": 236,
        "dilutedEPS": 5.22,
        "ebit": 5456,
        "grossIncome": 18816,
        "interestExpense": 3540,
        "interestIncomeExpense": -3727,
        "minorityInterest": -276,
        "netIncome": 1230,
        "netIncomeAfterTaxes": 1506,
        "nonRecurringItems": -235,
        "period": "2018-12-31",
        "pretaxIncome": 1686,
        "provisionforIncomeTaxes": 180,
        "revenue": 43634,
        "sgaExpense": 3042,
        "totalOperatingExpense": 13360,
        "totalOtherIncomeExpenseNet": 192,
        "year": 2018
      },
      {
        "costOfGoodsSold": 24121,
        "depreciationAmortization": 10588,
        "dilutedAverageSharesOutstanding": 297,
        "dilutedEPS": 33.31,
        "ebit": 4452,
        "grossIncome": 17460,
        "interestExpense": 3090,
        "interestIncomeExpense": -3021,
        "minorityInterest": -220,
        "netIncome": 9895,
        "netIncomeAfterTaxes": 815,
        "nonRecurringItems": -386,
        "period": "2017-12-31",
        "pretaxIncome": 1028,
        "provisionforIncomeTaxes": 213,
        "revenue": 41581,
        "sgaExpense": 2420,
        "totalOperatingExpense": 13008,
        "totalOtherIncomeExpenseNet": -17,
        "year": 2017
      },
      {
        "costOfGoodsSold": 16948,
        "depreciationAmortization": 6907,
        "dilutedAverageSharesOutstanding": 235,
        "dilutedEPS": 14.98,
        "ebit": 3441,
        "grossIncome": 12055,
        "interestExpense": 2499,
        "interestIncomeExpense": -2410,
        "minorityInterest": -223,
        "netIncome": 3522,
        "netIncomeAfterTaxes": 3745,
        "nonRecurringItems": -1096,
        "period": "2016-12-31",
        "pretaxIncome": 820,
        "provisionforIncomeTaxes": -2925,
        "revenue": 29003,
        "sgaExpense": 1707,
        "totalOperatingExpense": 8614,
        "totalOtherIncomeExpenseNet": 885,
        "year": 2016
      },
      {
        "costOfGoodsSold": 5807,
        "depreciationAmortization": 2125,
        "dilutedAverageSharesOutstanding": 101,
        "dilutedEPS": -2.68,
        "ebit": 1203,
        "grossIncome": 3947,
        "interestExpense": 1306,
        "interestIncomeExpense": -1310,
        "netIncome": -271,
        "netIncomeAfterTaxes": -271,
        "nonRecurringItems": -217,
        "period": "2015-12-31",
        "pretaxIncome": -331,
        "provisionforIncomeTaxes": -60,
        "revenue": 9754,
        "sgaExpense": 619,
        "totalOperatingExpense": 2744,
        "totalOtherIncomeExpenseNet": -7,
        "year": 2015
      }
    ],
    "symbol": "CHTR"
  }
}