{
  "symbol": "UNH",
  "statement": "ic",
  "frequency": "quarterly",
  "timestamp": "2025-09-19T14:08:03.575516",
  "data": {
    "financials": [
      {
        "benefitsClaimsLossAdjustment": 78585,
        "depreciationAmortization": 1084,
        "dilutedAverageSharesOutstanding": 910,
        "dilutedEPS": 3.74,
        "ebit": 5150,
        "grossPremiumsEarned": 110508,
        "interestExpense": 1027,
        "interestIncomeExpense": -1027,
        "minorityInterest": -166,
        "netIncome": 3406,
        "netIncomeAfterTaxes": 3572,
        "nonRecurringItems": -41,
        "otherOperatingExpensesTotal": 13019,
        "period": "2025-06-30",
        "pretaxIncome": 4082,
        "provisionforIncomeTaxes": 510,
        "revenue": 111616,
        "sgaExpense": 13778,
        "totalOperatingExpense": 106466
      },
      {
        "benefitsClaimsLossAdjustment": 73411,
        "depreciationAmortization": 1061,
        "dilutedAverageSharesOutstanding": 918,
        "dilutedEPS": 6.85,
        "ebit": 9119,
        "grossPremiumsEarned": 108542,
        "interestExpense": 998,
        "interestIncomeExpense": -998,
        "minorityInterest": -182,
        "netIncome": 6292,
        "netIncomeAfterTaxes": 6474,
        "nonRecurringItems": -15,
        "otherOperatingExpensesTotal": 12390,
        "period": "2025-03-31",
        "pretaxIncome": 8106,
        "provisionforIncomeTaxes": 1632,
        "revenue": 109575,
        "sgaExpense": 13594,
        "totalOperatingExpense": 100456
      },
      {
        "benefitsClaimsLossAdjustment": 67035,
        "depreciationAmortization": 1041,
        "dilutedAverageSharesOutstanding": 926,
        "dilutedEPS": 5.99,
        "ebit": 7773,
        "grossPremiumsEarned": 99256,
        "interestExpense": 1003,
        "interestIncomeExpense": -1003,
        "minorityInterest": -241,
        "netIncome": 5543,
        "netIncomeAfterTaxes": 5784,
        "nonRecurringItems": 21,
        "otherOperatingExpensesTotal": 12464,
        "otherRevenue": 710,
        "period": "2024-12-31",
        "pretaxIncome": 6791,
        "provisionforIncomeTaxes": 1007,
        "revenue": 100807,
        "sgaExpense": 12494,
        "totalOperatingExpense": 93034
      },
      {
        "benefitsClaimsLossAdjustment": 65957,
        "depreciationAmortization": 1041,
        "dilutedAverageSharesOutstanding": 930,
        "dilutedEPS": 6.51,
        "ebit": 8708,
        "grossPremiumsEarned": 99177,
        "interestExpense": 1074,
        "interestIncomeExpense": -1074,
        "minorityInterest": -203,
        "netIncome": 6055,
        "netIncomeAfterTaxes": 6258,
        "nonRecurringItems": -20,
        "otherOperatingExpensesTotal": 11834,
        "period": "2024-09-30",
        "pretaxIncome": 7614,
        "provisionforIncomeTaxes": 1356,
        "revenue": 100820,
        "sgaExpense": 13280,
        "totalOperatingExpense": 92112
      },
      {
        "benefitsClaimsLossAdjustment": 65458,
        "depreciationAmortization": 1020,
        "dilutedAverageSharesOutstanding": 928,
        "dilutedEPS": 4.54,
        "ebit": 7875,
        "grossPremiumsEarned": 97858,
        "interestExpense": 985,
        "interestIncomeExpense": -985,
        "minorityInterest": -205,
        "netIncome": 4216,
        "netIncomeAfterTaxes": 4421,
        "nonRecurringItems": -1225,
        "otherOperatingExpensesTotal": 11340,
        "period": "2024-06-30",
        "pretaxIncome": 5665,
        "provisionforIncomeTaxes": 1244,
        "revenue": 98855,
        "sgaExpense": 13162,
        "totalOperatingExpense": 90980
      },
      {
        "benefitsClaimsLossAdjustment": 65735,
        "depreciationAmortization": 997,
        "dilutedAverageSharesOutstanding": 922,
        "dilutedEPS": -1.53,
        "ebit": 7931,
        "grossPremiumsEarned": 98785,
        "interestExpense": 844,
        "interestIncomeExpense": -844,
        "minorityInterest": -188,
        "netIncome": -1409,
        "netIncomeAfterTaxes": -1221,
        "nonRecurringItems": -7086,
        "otherOperatingExpensesTotal": 11056,
        "period": "2024-03-31",
        "pretaxIncome": 1,
        "provisionforIncomeTaxes": 1222,
        "revenue": 99796,
        "sgaExpense": 14077,
        "totalOperatingExpense": 91865
      },
      {
        "benefitsClaimsLossAdjustment": 62231,
        "depreciationAmortization": 974,
        "dilutedAverageSharesOutstanding": 932,
        "dilutedEPS": 5.85,
        "ebit": 7689,
        "grossPremiumsEarned": 93248,
        "interestExpense": 830,
        "interestIncomeExpense": -830,
        "minorityInterest": -220,
        "netIncome": 5455,
        "netIncomeAfterTaxes": 5675,
        "otherOperatingExpensesTotal": 10194,
        "otherRevenue": 276,
        "period": "2023-12-31",
        "pretaxIncome": 6859,
        "provisionforIncomeTaxes": 1184,
        "revenue": 94427,
        "sgaExpense": 13339,
        "totalOperatingExpense": 86738
      },
      {
        "benefitsClaimsLossAdjustment": 59550,
        "depreciationAmortization": 1007,
        "dilutedAverageSharesOutstanding": 936,
        "dilutedEPS": 6.24,
        "ebit": 8526,
        "grossPremiumsEarned": 91364,
        "interestExpense": 834,
        "interestIncomeExpense": -834,
        "minorityInterest": -197,
        "netIncome": 5841,
        "netIncomeAfterTaxes": 6038,
        "otherOperatingExpensesTotal": 9423,
        "period": "2023-09-30",
        "pretaxIncome": 7692,
        "provisionforIncomeTaxes": 1654,
        "revenue": 92361,
        "sgaExpense": 13855,
        "totalOperatingExpense": 83835
      },
      {
        "benefitsClaimsLossAdjustment": 60268,
        "depreciationAmortization": 1021,
        "dilutedAverageSharesOutstanding": 940,
        "dilutedEPS": 5.82,
        "ebit": 8057,
        "grossPremiumsEarned": 91788,
        "interestExpense": 828,
        "interestIncomeExpense": -828,
        "minorityInterest": -183,
        "netIncome": 5474,
        "netIncomeAfterTaxes": 5657,
        "otherOperatingExpensesTotal": 9748,
        "period": "2023-06-30",
        "pretaxIncome": 7229,
        "provisionforIncomeTaxes": 1572,
        "revenue": 92903,
        "sgaExpense": 13809,
        "totalOperatingExpense": 84846
      },
      {
        "benefitsClaimsLossAdjustment": 59845,
        "depreciationAmortization": 970,
        "dilutedAverageSharesOutstanding": 943,
        "dilutedEPS": 5.95,
        "ebit": 8086,
        "grossPremiumsEarned": 91133,
        "interestExpense": 754,
        "interestIncomeExpense": -754,
        "minorityInterest": -163,
        "netIncome": 5611,
        "netIncomeAfterTaxes": 5774,
        "otherOperatingExpensesTotal": 9405,
        "period": "2023-03-31",
        "pretaxIncome": 7332,
        "provisionforIncomeTaxes": 1558,
        "revenue": 91931,
        "sgaExpense": 13625,
        "totalOperatingExpense": 83845
      },
      {
        "benefitsClaimsLossAdjustment": 53591,
        "depreciationAmortization": 982,
        "dilutedAverageSharesOutstanding": 947,
        "dilutedEPS": 5.03,
        "ebit": 6891,
        "grossPremiumsEarned": 81932,
        "interestExpense": 676,
        "interestIncomeExpense": -676,
        "minorityInterest": -147,
        "netIncome": 4761,
        "netIncomeAfterTaxes": 4908,
        "otherOperatingExpensesTotal": 8314,
        "otherRevenue": 211,
        "period": "2022-12-31",
        "pretaxIncome": 6215,
        "provisionforIncomeTaxes": 1307,
        "revenue": 82787,
        "sgaExpense": 13009,
        "totalOperatingExpense": 75896
      },
      {
        "benefitsClaimsLossAdjustment": 52635,
        "depreciationAmortization": 828,
        "dilutedAverageSharesOutstanding": 948,
        "dilutedEPS": 5.55,
        "ebit": 7462,
        "grossPremiumsEarned": 80381,
        "interestExpense": 516,
        "interestIncomeExpense": -516,
        "minorityInterest": -122,
        "netIncome": 5262,
        "netIncomeAfterTaxes": 5384,
        "otherOperatingExpensesTotal": 8306,
        "period": "2022-09-30",
        "pretaxIncome": 6946,
        "provisionforIncomeTaxes": 1562,
        "revenue": 80894,
        "sgaExpense": 11663,
        "totalOperatingExpense": 73432
      },
      {
        "benefitsClaimsLossAdjustment": 52093,
        "depreciationAmortization": 802,
        "dilutedAverageSharesOutstanding": 950,
        "dilutedEPS": 5.34,
        "ebit": 7132,
        "grossPremiumsEarned": 80037,
        "interestExpense": 467,
        "interestIncomeExpense": -467,
        "minorityInterest": -129,
        "netIncome": 5070,
        "netIncomeAfterTaxes": 5199,
        "otherOperatingExpensesTotal": 8596,
        "period": "2022-06-30",
        "pretaxIncome": 6665,
        "provisionforIncomeTaxes": 1466,
        "revenue": 80332,
        "sgaExpense": 11709,
        "totalOperatingExpense": 73200
      },
      {
        "benefitsClaimsLossAdjustment": 52523,
        "depreciationAmortization": 788,
        "dilutedAverageSharesOutstanding": 954,
        "dilutedEPS": 5.27,
        "ebit": 6950,
        "grossPremiumsEarned": 79782,
        "interestExpense": 433,
        "interestIncomeExpense": -433,
        "minorityInterest": -121,
        "netIncome": 5027,
        "netIncomeAfterTaxes": 5148,
        "otherOperatingExpensesTotal": 8487,
        "period": "2022-03-31",
        "pretaxIncome": 6517,
        "provisionforIncomeTaxes": 1369,
        "revenue": 80149,
        "sgaExpense": 11401,
        "totalOperatingExpense": 73199
      },
      {
        "benefitsClaimsLossAdjustment": 48159,
        "depreciationAmortization": 771,
        "dilutedAverageSharesOutstanding": 956,
        "dilutedEPS": 4.26,
        "ebit": 5541,
        "grossPremiumsEarned": 72930,
        "interestExpense": 431,
        "interestIncomeExpense": -431,
        "minorityInterest": -120,
        "netIncome": 4071,
        "netIncomeAfterTaxes": 4191,
        "otherOperatingExpensesTotal": 8000,
        "otherRevenue": 840,
        "period": "2021-12-31",
        "pretaxIncome": 5110,
        "provisionforIncomeTaxes": 919,
        "revenue": 73743,
        "sgaExpense": 11272,
        "totalOperatingExpense": 68202
      },
      {
        "benefitsClaimsLossAdjustment": 47302,
        "depreciationAmortization": 796,
        "dilutedAverageSharesOutstanding": 955,
        "dilutedEPS": 4.28,
        "ebit": 5712,
        "grossPremiumsEarned": 71834,
        "interestExpense": 422,
        "interestIncomeExpense": -422,
        "minorityInterest": -105,
        "netIncome": 4086,
        "netIncomeAfterTaxes": 4191,
        "otherOperatingExpensesTotal": 7802,
        "period": "2021-09-30",
        "pretaxIncome": 5290,
        "provisionforIncomeTaxes": 1099,
        "revenue": 72337,
        "sgaExpense": 10725,
        "totalOperatingExpense": 66625
      },
      {
        "benefitsClaimsLossAdjustment": 46546,
        "depreciationAmortization": 778,
        "dilutedAverageSharesOutstanding": 956,
        "dilutedEPS": 4.46,
        "ebit": 5978,
        "grossPremiumsEarned": 70765,
        "interestExpense": 410,
        "interestIncomeExpense": -410,
        "minorityInterest": -106,
        "netIncome": 4266,
        "netIncomeAfterTaxes": 4372,
        "otherOperatingExpensesTotal": 7660,
        "period": "2021-06-30",
        "pretaxIncome": 5568,
        "provisionforIncomeTaxes": 1196,
        "revenue": 71321,
        "sgaExpense": 10359,
        "totalOperatingExpense": 65343
      },
      {
        "benefitsClaimsLossAdjustment": 44904,
        "depreciationAmortization": 758,
        "dilutedAverageSharesOutstanding": 957,
        "dilutedEPS": 5.08,
        "ebit": 6739,
        "grossPremiumsEarned": 69744,
        "interestExpense": 397,
        "interestIncomeExpense": -397,
        "minorityInterest": -116,
        "netIncome": 4862,
        "netIncomeAfterTaxes": 4978,
        "otherOperatingExpensesTotal": 7572,
        "period": "2021-03-31",
        "pretaxIncome": 6342,
        "provisionforIncomeTaxes": 1364,
        "revenue": 70196,
        "sgaExpense": 10223,
        "totalOperatingExpense": 63457
      },
      {
        "benefitsClaimsLossAdjustment": 42082,
        "depreciationAmortization": 732,
        "dilutedAverageSharesOutstanding": 961,
        "dilutedEPS": 2.3,
        "ebit": 3517,
        "grossPremiumsEarned": 65022,
        "interestExpense": 401,
        "interestIncomeExpense": -401,
        "minorityInterest": -140,
        "netIncome": 2212,
        "netIncomeAfterTaxes": 2352,
        "otherOperatingExpensesTotal": 7622,
        "period": "2020-12-31",
        "pretaxIncome": 3116,
        "provisionforIncomeTaxes": 764,
        "revenue": 65467,
        "sgaExpense": 11514,
        "totalOperatingExpense": 61950
      },
      {
        "benefitsClaimsLossAdjustment": 41636,
        "depreciationAmortization": 719,
        "dilutedAverageSharesOutstanding": 962,
        "dilutedEPS": 3.3,
        "ebit": 4651,
        "grossPremiumsEarned": 64764,
        "interestExpense": 395,
        "interestIncomeExpense": -395,
        "minorityInterest": -84,
        "netIncome": 3172,
        "netIncomeAfterTaxes": 3256,
        "otherOperatingExpensesTotal": 7935,
        "period": "2020-09-30",
        "pretaxIncome": 4256,
        "provisionforIncomeTaxes": 1000,
        "revenue": 65115,
        "sgaExpense": 10174,
        "totalOperatingExpense": 60464
      },
      {
        "benefitsClaimsLossAdjustment": 34678,
        "depreciationAmortization": 717,
        "dilutedAverageSharesOutstanding": 960,
        "dilutedEPS": 6.91,
        "ebit": 9241,
        "grossPremiumsEarned": 61797,
        "interestExpense": 430,
        "interestIncomeExpense": -430,
        "minorityInterest": -59,
        "netIncome": 6637,
        "netIncomeAfterTaxes": 6696,
        "otherOperatingExpensesTotal": 7501,
        "period": "2020-06-30",
        "pretaxIncome": 8811,
        "provisionforIncomeTaxes": 2115,
        "revenue": 62138,
        "sgaExpense": 10001,
        "totalOperatingExpense": 52897
      },
      {
        "benefitsClaimsLossAdjustment": 41000,
        "depreciationAmortization": 723,
        "dilutedAverageSharesOutstanding": 962,
        "dilutedEPS": 3.52,
        "ebit": 4996,
        "grossPremiumsEarned": 64056,
        "interestExpense": 437,
        "interestIncomeExpense": -437,
        "minorityInterest": -83,
        "netIncome": 3382,
        "netIncomeAfterTaxes": 3465,
        "otherOperatingExpensesTotal": 7687,
        "period": "2020-03-31",
        "pretaxIncome": 4559,
        "provisionforIncomeTaxes": 1094,
        "revenue": 64421,
        "sgaExpense": 10015,
        "totalOperatingExpense": 59425
      },
      {
        "benefitsClaimsLossAdjustment": 39276,
        "depreciationAmortization": 718,
        "dilutedAverageSharesOutstanding": 963,
        "dilutedEPS": 3.68,
        "ebit": 5095,
        "grossPremiumsEarned": 60468,
        "interestExpense": 437,
        "interestIncomeExpense": -437,
        "minorityInterest": -127,
        "netIncome": 3541,
        "netIncomeAfterTaxes": 3668,
        "otherOperatingExpensesTotal": 6511,
        "period": "2019-12-31",
        "pretaxIncome": 4658,
        "provisionforIncomeTaxes": 990,
        "revenue": 60901,
        "sgaExpense": 9301,
        "totalOperatingExpense": 55806
      },
      {
        "benefitsClaimsLossAdjustment": 39041,
        "depreciationAmortization": 709,
        "dilutedAverageSharesOutstanding": 963,
        "dilutedEPS": 3.67,
        "ebit": 5014,
        "grossPremiumsEarned": 59885,
        "interestExpense": 449,
        "interestIncomeExpense": -449,
        "minorityInterest": -91,
        "netIncome": 3538,
        "netIncomeAfterTaxes": 3629,
        "otherOperatingExpensesTotal": 6627,
        "period": "2019-09-30",
        "pretaxIncome": 4565,
        "provisionforIncomeTaxes": 936,
        "revenue": 60351,
        "sgaExpense": 8960,
        "totalOperatingExpense": 55337
      },
      {
        "benefitsClaimsLossAdjustment": 39184,
        "depreciationAmortization": 654,
        "dilutedAverageSharesOutstanding": 964,
        "dilutedEPS": 3.42,
        "ebit": 4744,
        "grossPremiumsEarned": 60013,
        "interestExpense": 418,
        "interestIncomeExpense": -418,
        "minorityInterest": -92,
        "netIncome": 3293,
        "netIncomeAfterTaxes": 3385,
        "otherOperatingExpensesTotal": 7598,
        "period": "2019-06-30",
        "pretaxIncome": 4326,
        "provisionforIncomeTaxes": 941,
        "revenue": 60595,
        "sgaExpense": 8415,
        "totalOperatingExpense": 55851
      },
      {
        "benefitsClaimsLossAdjustment": 38939,
        "depreciationAmortization": 639,
        "dilutedAverageSharesOutstanding": 975,
        "dilutedEPS": 3.56,
        "ebit": 4832,
        "grossPremiumsEarned": 59903,
        "interestExpense": 400,
        "interestIncomeExpense": -400,
        "minorityInterest": -90,
        "netIncome": 3467,
        "netIncomeAfterTaxes": 3557,
        "otherOperatingExpensesTotal": 7381,
        "period": "2019-03-31",
        "pretaxIncome": 4432,
        "provisionforIncomeTaxes": 875,
        "revenue": 60308,
        "sgaExpense": 8517,
        "totalOperatingExpense": 55476
      },
      {
        "benefitsClaimsLossAdjustment": 36955,
        "depreciationAmortization": 637,
        "dilutedAverageSharesOutstanding": 980,
        "dilutedEPS": 3.1,
        "ebit": 4497,
        "grossPremiumsEarned": 58076,
        "interestExpense": 374,
        "interestIncomeExpense": -374,
        "minorityInterest": -124,
        "netIncome": 3040,
        "netIncomeAfterTaxes": 3164,
        "otherOperatingExpensesTotal": 7625,
        "period": "2018-12-31",
        "pretaxIncome": 4123,
        "provisionforIncomeTaxes": 959,
        "revenue": 58417,
        "sgaExpense": 8703,
        "totalOperatingExpense": 53920
      },
      {
        "benefitsClaimsLossAdjustment": 36158,
        "depreciationAmortization": 611,
        "dilutedAverageSharesOutstanding": 983,
        "dilutedEPS": 3.24,
        "ebit": 4590,
        "grossPremiumsEarned": 56174,
        "interestExpense": 353,
        "interestIncomeExpense": -353,
        "minorityInterest": -96,
        "netIncome": 3188,
        "netIncomeAfterTaxes": 3284,
        "otherOperatingExpensesTotal": 6718,
        "period": "2018-09-30",
        "pretaxIncome": 4237,
        "provisionforIncomeTaxes": 953,
        "revenue": 56556,
        "sgaExpense": 8479,
        "totalOperatingExpense": 51966
      },
      {
        "benefitsClaimsLossAdjustment": 36427,
        "depreciationAmortization": 598,
        "dilutedAverageSharesOutstanding": 982,
        "dilutedEPS": 2.98,
        "ebit": 4204,
        "grossPremiumsEarned": 55731,
        "interestExpense": 344,
        "interestIncomeExpense": -344,
        "minorityInterest": -88,
        "netIncome": 2922,
        "netIncomeAfterTaxes": 3010,
        "otherOperatingExpensesTotal": 6471,
        "period": "2018-06-30",
        "pretaxIncome": 3860,
        "provisionforIncomeTaxes": 850,
        "revenue": 56086,
        "sgaExpense": 8386,
        "totalOperatingExpense": 51882
      },
      {
        "benefitsClaimsLossAdjustment": 35863,
        "depreciationAmortization": 582,
        "dilutedAverageSharesOutstanding": 987,
        "dilutedEPS": 2.87,
        "ebit": 4053,
        "grossPremiumsEarned": 54890,
        "interestExpense": 329,
        "interestIncomeExpense": -329,
        "minorityInterest": -88,
        "netIncome": 2836,
        "netIncomeAfterTaxes": 2924,
        "otherOperatingExpensesTotal": 6184,
        "period": "2018-03-31",
        "pretaxIncome": 3724,
        "provisionforIncomeTaxes": 800,
        "revenue": 55188,
        "sgaExpense": 8506,
        "totalOperatingExpense": 51135
      },
      {
        "benefitsClaimsLossAdjustment": 33207,
        "depreciationAmortization": 578,
        "dilutedAverageSharesOutstanding": 991,
        "dilutedEPS": 3.64,
        "ebit": 3977,
        "grossPremiumsEarned": 51763,
        "interestExpense": 308,
        "interestIncomeExpense": -308,
        "minorityInterest": -104,
        "netIncome": 3617,
        "netIncomeAfterTaxes": 2521,
        "otherOperatingExpensesTotal": 6479,
        "period": "2017-12-31",
        "pretaxIncome": 3669,
        "provisionforIncomeTaxes": 1148,
        "revenue": 52061,
        "sgaExpense": 7820,
        "totalOperatingExpense": 48084
      },
      {
        "benefitsClaimsLossAdjustment": 32201,
        "depreciationAmortization": 578,
        "dilutedAverageSharesOutstanding": 989,
        "dilutedEPS": 2.51,
        "ebit": 4088,
        "grossPremiumsEarned": 50075,
        "interestExpense": 294,
        "interestIncomeExpense": -294,
        "minorityInterest": -76,
        "netIncome": 2485,
        "netIncomeAfterTaxes": 2561,
        "otherOperatingExpensesTotal": 6068,
        "period": "2017-09-30",
        "pretaxIncome": 3794,
        "provisionforIncomeTaxes": 1233,
        "revenue": 50322,
        "sgaExpense": 7387,
        "totalOperatingExpense": 46234
      },
      {
        "benefitsClaimsLossAdjustment": 32549,
        "depreciationAmortization": 556,
        "dilutedAverageSharesOutstanding": 985,
        "dilutedEPS": 2.32,
        "ebit": 3731,
        "grossPremiumsEarned": 49797,
        "interestExpense": 301,
        "interestIncomeExpense": -301,
        "minorityInterest": -66,
        "netIncome": 2284,
        "netIncomeAfterTaxes": 2350,
        "otherOperatingExpensesTotal": 5889,
        "period": "2017-06-30",
        "pretaxIncome": 3430,
        "provisionforIncomeTaxes": 1080,
        "revenue": 50053,
        "sgaExpense": 7328,
        "totalOperatingExpense": 46322
      },
      {
        "benefitsClaimsLossAdjustment": 32079,
        "depreciationAmortization": 533,
        "dilutedAverageSharesOutstanding": 975,
        "dilutedEPS": 2.23,
        "ebit": 3413,
        "grossPremiumsEarned": 48501,
        "interestExpense": 283,
        "interestIncomeExpense": -283,
        "minorityInterest": -19,
        "netIncome": 2172,
        "netIncomeAfterTaxes": 2191,
        "otherOperatingExpensesTotal": 5676,
        "period": "2017-03-31",
        "pretaxIncome": 3130,
        "provisionforIncomeTaxes": 939,
        "revenue": 48723,
        "sgaExpense": 7022,
        "totalOperatingExpense": 45310
      },
      {
        "benefitsClaimsLossAdjustment": 29696,
        "depreciationAmortization": 527,
        "dilutedAverageSharesOutstanding": 968,
        "dilutedEPS": 1.74,
        "ebit": 3187,
        "grossPremiumsEarned": 47274,
        "interestExpense": 268,
        "interestIncomeExpense": -268,
        "minorityInterest": -24,
        "netIncome": 1684,
        "netIncomeAfterTaxes": 1708,
        "otherOperatingExpensesTotal": 6308,
        "period": "2016-12-31",
        "pretaxIncome": 2919,
        "provisionforIncomeTaxes": 1211,
        "revenue": 47535,
        "sgaExpense": 7817,
        "totalOperatingExpense": 44348
      },
      {
        "benefitsClaimsLossAdjustment": 29040,
        "depreciationAmortization": 515,
        "dilutedAverageSharesOutstanding": 969,
        "dilutedEPS": 2.03,
        "ebit": 3580,
        "grossPremiumsEarned": 46102,
        "interestExpense": 269,
        "interestIncomeExpense": -269,
        "minorityInterest": -10,
        "netIncome": 1968,
        "netIncomeAfterTaxes": 1978,
        "otherOperatingExpensesTotal": 6125,
        "period": "2016-09-30",
        "pretaxIncome": 3311,
        "provisionforIncomeTaxes": 1333,
        "revenue": 46293,
        "sgaExpense": 7033,
        "totalOperatingExpense": 42713
      },
      {
        "benefitsClaimsLossAdjustment": 29872,
        "depreciationAmortization": 511,
        "dilutedAverageSharesOutstanding": 967,
        "dilutedEPS": 1.81,
        "ebit": 3203,
        "grossPremiumsEarned": 46292,
        "interestExpense": 271,
        "interestIncomeExpense": -271,
        "minorityInterest": -6,
        "netIncome": 1754,
        "netIncomeAfterTaxes": 1760,
        "otherOperatingExpensesTotal": 6106,
        "period": "2016-06-30",
        "pretaxIncome": 2932,
        "provisionforIncomeTaxes": 1172,
        "revenue": 46485,
        "sgaExpense": 6793,
        "totalOperatingExpense": 43282
      },
      {
        "benefitsClaimsLossAdjustment": 28430,
        "depreciationAmortization": 502,
        "dilutedAverageSharesOutstanding": 967,
        "dilutedEPS": 1.67,
        "ebit": 2960,
        "grossPremiumsEarned": 44344,
        "interestExpense": 259,
        "interestIncomeExpense": -259,
        "minorityInterest": -16,
        "netIncome": 1611,
        "netIncomeAfterTaxes": 1627,
        "otherOperatingExpensesTotal": 5877,
        "period": "2016-03-31",
        "pretaxIncome": 2701,
        "provisionforIncomeTaxes": 1074,
        "revenue": 44527,
        "sgaExpense": 6758,
        "totalOperatingExpense": 41567
      },
      {
        "benefitsClaimsLossAdjustment": 26542,
        "depreciationAmortization": 484,
        "dilutedAverageSharesOutstanding": 967,
        "dilutedEPS": 1.26,
        "ebit": 2468,
        "grossPremiumsEarned": 43419,
        "interestExpense": 260,
        "interestIncomeExpense": -260,
        "minorityInterest": -34,
        "netIncome": 1218,
        "netIncomeAfterTaxes": 1252,
        "otherOperatingExpensesTotal": 7895,
        "period": "2015-12-31",
        "pretaxIncome": 2208,
        "provisionforIncomeTaxes": 956,
        "revenue": 43599,
        "sgaExpense": 6210,
        "totalOperatingExpense": 41131
      },
      {
        "benefitsClaimsLossAdjustment": 25618,
        "depreciationAmortization": 452,
        "dilutedAverageSharesOutstanding": 967,
        "dilutedEPS": 1.65,
        "ebit": 3018,
        "grossPremiumsEarned": 41319,
        "interestExpense": 229,
        "interestIncomeExpense": -229,
        "minorityInterest": -21,
        "netIncome": 1597,
        "netIncomeAfterTaxes": 1618,
        "otherOperatingExpensesTotal": 6100,
        "period": "2015-09-30",
        "pretaxIncome": 2789,
        "provisionforIncomeTaxes": 1171,
        "revenue": 41489,
        "sgaExpense": 6301,
        "totalOperatingExpense": 38471
      }
    ],
    "symbol": "UNH"
  }
}